
@article{Adam_2022_remnants, title={Genomic remnants of ancestral methanogenesis and hydrogenotrophy in Archaea drive anaerobic carbon cycling}, volume={8}, ISSN={2375-2548}, url={http://dx.doi.org/10.1126/sciadv.abm9651}, DOI={10.1126/sciadv.abm9651}, number={44}, journal={Science Advances}, publisher={American Association for the Advancement of Science (AAAS)}, author={Adam, Panagiotis S. and Kolyfetis, George E. and Bornemann, Till L. V. and Vorgias, Constantinos E. and Probst, Alexander J.}, year={2022}, month=nov }

@article{Aldhous_2004, title={Borneo is burning}, volume={432}, ISSN={1476-4687}, url={http://dx.doi.org/10.1038/432144a}, DOI={10.1038/432144a}, number={7014}, journal={Nature}, publisher={Springer Science and Business Media LLC}, author={Aldhous, Peter}, year={2004}, month=nov, pages={144–146} }

@article{Alneberg_2014_concoct, title={Binning metagenomic contigs by coverage and composition}, volume={11}, ISSN={1548-7105}, url={http://dx.doi.org/10.1038/nmeth.3103}, DOI={10.1038/nmeth.3103}, number={11}, journal={Nature Methods}, publisher={Springer Science and Business Media LLC}, author={Alneberg, Johannes and Bjarnason, Brynjar Smári and de Bruijn, Ino and Schirmer, Melanie and Quick, Joshua and Ijaz, Umer Z and Lahti, Leo and Loman, Nicholas J and Andersson, Anders F and Quince, Christopher}, year={2014}, month=sep, pages={1144–1146} }

@article{Altschul_1990, title={Basic local alignment search tool}, volume={215}, ISSN={0022-2836}, url={http://dx.doi.org/10.1016/S0022-2836(05)80360-2}, DOI={10.1016/s0022-2836(05)80360-2}, number={3}, journal={Journal of Molecular Biology}, publisher={Elsevier BV}, author={Altschul, Stephen F. and Gish, Warren and Miller, Webb and Myers, Eugene W. and Lipman, David J.}, year={1990}, month=oct, pages={403–410} }

@article{Angle_2017_aerobic, title={Methanogenesis in oxygenated soils is a substantial fraction of wetland methane emissions}, volume={8}, ISSN={2041-1723}, url={http://dx.doi.org/10.1038/s41467-017-01753-4}, DOI={10.1038/s41467-017-01753-4}, number={1}, journal={Nature Communications}, publisher={Springer Science and Business Media LLC}, author={Angle, Jordan C. and Morin, Timothy H. and Solden, Lindsey M. and Narrowe, Adrienne B. and Smith, Garrett J. and Borton, Mikayla A. and Rey-Sanchez, Camilo and Daly, Rebecca A. and Mirfenderesgi, Golnazalsdat and Hoyt, David W. and Riley, William J. and Miller, Christopher S. and Bohrer, Gil and Wrighton, Kelly C.}, year={2017}, month=nov }

@article{Aramaki_2019_kofam, title={KofamKOALA: KEGG Ortholog assignment based on profile HMM and adaptive score threshold}, volume={36}, ISSN={1367-4811}, url={http://dx.doi.org/10.1093/bioinformatics/btz859}, DOI={10.1093/bioinformatics/btz859}, number={7}, journal={Bioinformatics}, publisher={Oxford University Press (OUP)}, author={Aramaki, Takuya and Blanc-Mathieu, Romain and Endo, Hisashi and Ohkubo, Koichi and Kanehisa, Minoru and Goto, Susumu and Ogata, Hiroyuki}, editor={Valencia, Alfonso}, year={2019}, month=nov, pages={2251–2252} }

@article{Aroney_2025_coverm, title={CoverM: read alignment statistics for metagenomics}, volume={41}, ISSN={1367-4811}, url={http://dx.doi.org/10.1093/bioinformatics/btaf147}, DOI={10.1093/bioinformatics/btaf147}, number={4}, journal={Bioinformatics}, publisher={Oxford University Press (OUP)}, author={Aroney, Samuel T N and Newell, Rhys J P and Nissen, Jakob N and Camargo, Antonio Pedro and Tyson, Gene W and Woodcroft, Ben J}, editor={Alkan, Can}, year={2025}, month=mar }

@article{Ausiannikava_2018, title={Evolution of Genome Architecture in Archaea: Spontaneous Generation of a New Chromosome in Haloferax volcanii}, volume={35}, ISSN={1537-1719}, url={http://dx.doi.org/10.1093/molbev/msy075}, DOI={10.1093/molbev/msy075}, number={8}, journal={Molecular Biology and Evolution}, publisher={Oxford University Press (OUP)}, author={Ausiannikava, Darya and Mitchell, Laura and Marriott, Hannah and Smith, Victoria and Hawkins, Michelle and Makarova, Kira S and Koonin, Eugene V and Nieduszynski, Conrad A and Allers, Thorsten}, editor={O’Connell, Mary}, year={2018}, month=apr, pages={1855–1868} }

@article{Azizan_2024, title={Changes in specific microbial groups characterize the impact of land conversion to oil palm plantations on peat}, volume={7}, ISSN={2624-893X}, url={http://dx.doi.org/10.3389/ffgc.2024.1305491}, DOI={10.3389/ffgc.2024.1305491}, journal={Frontiers in Forests and Global Change}, publisher={Frontiers Media SA}, author={Azizan, Siti Noor Fitriah and Murakami, Shuichiro and McTaggart, Iain and Yusof, Nurtasbiyah and Sha’arani, Shazwana and Hara, Hirofumi and Noborio, Kosuke}, year={2024}, month=may }

@article{Bahram_2022, title={Structure and function of the soil microbiome underlying N2O emissions from global wetlands}, volume={13}, ISSN={2041-1723}, url={http://dx.doi.org/10.1038/s41467-022-29161-3}, DOI={10.1038/s41467-022-29161-3}, number={1}, journal={Nature Communications}, publisher={Springer Science and Business Media LLC}, author={Bahram, Mohammad and Espenberg, Mikk and Pärn, Jaan and Lehtovirta-Morley, Laura and Anslan, Sten and Kasak, Kuno and Kõljalg, Urmas and Liira, Jaan and Maddison, Martin and Moora, Mari and Niinemets, Ülo and Öpik, Maarja and Pärtel, Meelis and Soosaar, Kaido and Zobel, Martin and Hildebrand, Falk and Tedersoo, Leho and Mander, Ülo}, year={2022}, month=mar }

@article{Baker_2020_archaea, title={Diversity, ecology and evolution of Archaea}, volume={5}, ISSN={2058-5276}, url={http://dx.doi.org/10.1038/s41564-020-0715-z}, DOI={10.1038/s41564-020-0715-z}, number={7}, journal={Nature Microbiology}, publisher={Springer Science and Business Media LLC}, author={Baker, Brett J. and De Anda, Valerie and Seitz, Kiley W. and Dombrowski, Nina and Santoro, Alyson E. and Lloyd, Karen G.}, year={2020}, month=may, pages={887–900} }

@article{Bandla_2023_jambi, title={Genome-resolved carbon processing potential of tropical peat microbiomes from an oil palm plantation}, volume={10}, ISSN={2052-4463}, url={http://dx.doi.org/10.1038/s41597-023-02267-z}, DOI={10.1038/s41597-023-02267-z}, number={1}, journal={Scientific Data}, publisher={Springer Science and Business Media LLC}, author={Bandla, Aditya and Mukhopadhyay, Sourav and Mishra, Shailendra and Sudarshan, Ashwin Sridhar and Swarup, Sanjay}, year={2023}, month=jun }

@article{Beamish_2003_fish, title={Fish Assemblages and Habitat in a Malaysian Blackwater Peat Swamp}, volume={68}, ISSN={1573-5133}, url={http://dx.doi.org/10.1023/A:1026004315978}, DOI={10.1023/a:1026004315978}, number={1}, journal={Environmental Biology of Fishes}, publisher={Springer Science and Business Media LLC}, author={Beamish, F. William H. and Beamish, Robert B. and Lim, Susan L.-H.}, year={2003}, month=sep, pages={1–13} }

@article{Brauer_2020, title={Methanogenic archaea in peatlands}, volume={367}, ISSN={1574-6968}, url={http://dx.doi.org/10.1093/femsle/fnaa172}, DOI={10.1093/femsle/fnaa172}, number={20}, journal={FEMS Microbiology Letters}, publisher={Oxford University Press (OUP)}, author={Bräuer, Suzanna L and Basiliko, Nathan and Siljanen, Henri MP and Zinder, Stephen H}, year={2020}, month=oct }

@article{Brown_2015, title = {Unusual biology across a group comprising more than 15\% of domain Bacteria}, volume = {523}, ISSN = {1476-4687}, url = {http://dx.doi.org/10.1038/nature14486}, DOI = {10.1038/nature14486}, number = {7559}, journal = {Nature}, publisher = {Springer Science and Business Media LLC}, author = {Brown,  Christopher T. and Hug,  Laura A. and Thomas,  Brian C. and Sharon,  Itai and Castelle,  Cindy J. and Singh,  Andrea and Wilkins,  Michael J. and Wrighton,  Kelly C. and Williams,  Kenneth H. and Banfield,  Jillian F.}, year = {2015}, month = jun, pages = {208–211}}

@article{Busman_2023, title={Soil CO$_2$ and CH$_4$ fluxes from different forest types in tropical peat swamp forest}, volume={858}, ISSN={0048-9697}, url={http://dx.doi.org/10.1016/j.scitotenv.2022.159973}, DOI={10.1016/j.scitotenv.2022.159973}, journal={Science of The Total Environment}, publisher={Elsevier BV}, author={Busman, Nur Azima and Melling, Lulie and Goh, Kah Joo and Imran, Yazid and Sangok, Faustina E. and Watanabe, Akira}, year={2023}, month=feb, pages={159973} }

@article{CapellaGutierrez_2009_trimal, title={trimAl: a tool for automated alignment trimming in large-scale phylogenetic analyses}, volume={25}, ISSN={1367-4803}, url={http://dx.doi.org/10.1093/bioinformatics/btp348}, DOI={10.1093/bioinformatics/btp348}, number={15}, journal={Bioinformatics}, publisher={Oxford University Press (OUP)}, author={Capella-Gutiérrez, Salvador and Silla-Martínez, José M. and Gabaldón, Toni}, year={2009}, month=jun, pages={1972–1973} }

@article{Chan_2021_trnascan, title={tRNAscan-SE 2.0: improved detection and functional classification of transfer RNA genes}, volume={49}, ISSN={1362-4962}, url={http://dx.doi.org/10.1093/nar/gkab688}, DOI={10.1093/nar/gkab688}, number={16}, journal={Nucleic Acids Research}, publisher={Oxford University Press (OUP)}, author={Chan, Patricia P and Lin, Brian Y and Mak, Allysia J and Lowe, Todd M}, year={2021}, month=aug, pages={9077–9096} }

@article{Chao_2021_sangeranalyser, title={sangeranalyseR: Simple and Interactive Processing of Sanger Sequencing Data in R}, volume={13}, ISSN={1759-6653}, url={http://dx.doi.org/10.1093/gbe/evab028}, DOI={10.1093/gbe/evab028}, number={3}, journal={Genome Biology and Evolution}, publisher={Oxford University Press (OUP)}, author={Chao, Kuan-Hao and Barton, Kirston and Palmer, Sarah and Lanfear, Robert}, editor={Holland, Barbara}, year={2021}, month=feb }

@article{Chaumeil_2022_gtdbtk, title={GTDB-Tk v2: memory friendly classification with the genome taxonomy database}, volume={38}, ISSN={1367-4811}, url={http://dx.doi.org/10.1093/bioinformatics/btac672}, DOI={10.1093/bioinformatics/btac672}, number={23}, journal={Bioinformatics}, publisher={Oxford University Press (OUP)}, author={Chaumeil, Pierre-Alain and Mussig, Aaron J and Hugenholtz, Philip and Parks, Donovan H}, editor={Borgwardt, Karsten}, year={2022}, month=oct, pages={5315–5316} }

@article{Chen_2020_accurate, title={Accurate and complete genomes from metagenomes}, volume={30}, ISSN={1549-5469}, url={http://dx.doi.org/10.1101/gr.258640.119}, DOI={10.1101/gr.258640.119}, number={3}, journal={Genome Research}, publisher={Cold Spring Harbor Laboratory}, author={Chen, Lin-Xing and Anantharaman, Karthik and Shaiber, Alon and Eren, A. Murat and Banfield, Jillian F.}, year={2020}, month=mar, pages={315–333} }

@article{Cheng_2021_hifiasm, title={Haplotype-resolved de novo assembly using phased assembly graphs with hifiasm}, volume={18}, ISSN={1548-7105}, url={http://dx.doi.org/10.1038/s41592-020-01056-5}, DOI={10.1038/s41592-020-01056-5}, number={2}, journal={Nature Methods}, publisher={Springer Science and Business Media LLC}, author={Cheng, Haoyu and Concepcion, Gregory T. and Feng, Xiaowen and Zhang, Haowen and Li, Heng}, year={2021}, month=feb, pages={170–175} }

@article{Chistoserdova_2009, title = {The Expanding World of Methylotrophic Metabolism}, volume = {63}, ISSN = {1545-3251}, url = {http://dx.doi.org/10.1146/annurev.micro.091208.073600}, DOI = {10.1146/annurev.micro.091208.073600}, number = {1}, journal = {Annual Review of Microbiology}, publisher = {Annual Reviews}, author = {Chistoserdova,  Ludmila and Kalyuzhnaya,  Marina G. and Lidstrom,  Mary E.}, year = {2009}, month = oct, pages = {477–499}}

@article{Chklovski_2023_checkm2, title={CheckM2: a rapid, scalable and accurate tool for assessing microbial genome quality using machine learning}, volume={20}, ISSN={1548-7105}, url={http://dx.doi.org/10.1038/s41592-023-01940-w}, DOI={10.1038/s41592-023-01940-w}, number={8}, journal={Nature Methods}, publisher={Springer Science and Business Media LLC}, author={Chklovski, Alex and Parks, Donovan H. and Woodcroft, Ben J. and Tyson, Gene W.}, year={2023}, month=jul, pages={1203–1212} }

@article{Clark_2013_composite, title={Structure and Evolution of Chlorate Reduction Composite Transposons}, volume={4}, ISSN={2150-7511}, url={http://dx.doi.org/10.1128/mbio.00379-13}, DOI={10.1128/mbio.00379-13}, number={4}, journal={mBio}, publisher={American Society for Microbiology}, author={Clark, Iain C. and Melnyk, Ryan A. and Engelbrektson, Anna and Coates, John D.}, editor={Oremland, Ronald and Capone, Douglas G.}, year={2013}, month=aug }

@article{Cooper_2019, title={From peat swamp forest to oil palm plantations: The stability of tropical peatland carbon}, volume={342}, ISSN={0016-7061}, url={http://dx.doi.org/10.1016/j.geoderma.2019.02.021}, DOI={10.1016/j.geoderma.2019.02.021}, journal={Geoderma}, publisher={Elsevier BV}, author={Cooper, Hannah V. and Vane, Christopher H. and Evers, Stephanie and Aplin, Paul and Girkin, Nicholas T. and Sjögersten, Sofie}, year={2019}, month=may, pages={109–117} }

@article{Cooper_2020, title={Greenhouse gas emissions resulting from conversion of peat swamp forest to oil palm plantation}, volume={11}, ISSN={2041-1723}, url={http://dx.doi.org/10.1038/s41467-020-14298-w}, DOI={10.1038/s41467-020-14298-w}, number={1}, journal={Nature Communications}, publisher={Springer Science and Business Media LLC}, author={Cooper, Hannah V. and Evers, Stephanie and Aplin, Paul and Crout, Neil and Dahalan, Mohd Puat Bin and Sjogersten, Sofie}, year={2020}, month=jan }

@article{Crits_Christoph_2018, title={Novel soil bacteria possess diverse genes for secondary metabolite biosynthesis}, volume={558}, ISSN={1476-4687}, url={http://dx.doi.org/10.1038/s41586-018-0207-y}, DOI={10.1038/s41586-018-0207-y}, number={7710}, journal={Nature}, publisher={Springer Science and Business Media LLC}, author={Crits-Christoph, Alexander and Diamond, Spencer and Butterfield, Cristina N. and Thomas, Brian C. and Banfield, Jillian F.}, year={2018}, month=jun, pages={440–444} }

@article{Crits_Christoph_2022, title={A widely distributed genus of soil Acidobacteria genomically enriched in biosynthetic gene clusters}, volume={2}, ISSN={2730-6151}, url={http://dx.doi.org/10.1038/s43705-022-00140-5}, DOI={10.1038/s43705-022-00140-5}, number={1}, journal={ISME Communications}, publisher={Oxford University Press (OUP)}, author={Crits-Christoph, Alexander and Diamond, Spencer and Al-Shayeb, Basem and Valentin-Alvarado, Luis and Banfield, Jillian F}, year={2022}, month=aug }

@article{Daims_2015, title={Complete nitrification by Nitrospira bacteria}, volume={528}, ISSN={1476-4687}, url={http://dx.doi.org/10.1038/nature16461}, DOI={10.1038/nature16461}, number={7583}, journal={Nature}, publisher={Springer Science and Business Media LLC}, author={Daims, Holger and Lebedeva, Elena V. and Pjevac, Petra and Han, Ping and Herbold, Craig and Albertsen, Mads and Jehmlich, Nico and Palatinszky, Marton and Vierheilig, Julia and Bulaev, Alexandr and Kirkegaard, Rasmus H. and von Bergen, Martin and Rattei, Thomas and Bendinger, Bernd and Nielsen, Per H. and Wagner, Michael}, year={2015}, month=nov, pages={504–509} }

@article{Danecek_2021_samtools, title={Twelve years of SAMtools and BCFtools}, volume={10}, ISSN={2047-217X}, url={http://dx.doi.org/10.1093/gigascience/giab008}, DOI={10.1093/gigascience/giab008}, number={2}, journal={GigaScience}, publisher={Oxford University Press (OUP)}, author={Danecek, Petr and Bonfield, James K and Liddle, Jennifer and Marshall, John and Ohan, Valeriu and Pollard, Martin O and Whitwham, Andrew and Keane, Thomas and McCarthy, Shane A and Davies, Robert M and Li, Heng}, year={2021}, month=jan }

@article{Diamond_2019, title={Mediterranean grassland soil C–N compound turnover is dependent on rainfall and depth, and is mediated by genomically divergent microorganisms}, volume={4}, ISSN={2058-5276}, url={http://dx.doi.org/10.1038/s41564-019-0449-y}, DOI={10.1038/s41564-019-0449-y}, number={8}, journal={Nature Microbiology}, publisher={Springer Science and Business Media LLC}, author={Diamond, Spencer and Andeer, Peter F. and Li, Zhou and Crits-Christoph, Alexander and Burstein, David and Anantharaman, Karthik and Lane, Katherine R. and Thomas, Brian C. and Pan, Chongle and Northen, Trent R. and Banfield, Jillian F.}, year={2019}, month=may, pages={1356–1367} }

@article{diCenzo_2019, title={Chromids Aid Genome Expansion and Functional Diversification in the Family Burkholderiaceae}, volume={36}, ISSN={1537-1719}, url={http://dx.doi.org/10.1093/molbev/msy248}, DOI={10.1093/molbev/msy248}, number={3}, journal={Molecular Biology and Evolution}, publisher={Oxford University Press (OUP)}, author={diCenzo, George C and Mengoni, Alessio and Perrin, Elena}, editor={Rosenberg, Michael}, year={2019}, month=jan, pages={562–574} }

@article{Dom_2021_16S, title={Linking prokaryotic community composition to carbon biogeochemical cycling across a tropical peat dome in Sarawak, Malaysia}, volume={11}, ISSN={2045-2322}, url={http://dx.doi.org/10.1038/s41598-021-81865-6}, DOI={10.1038/s41598-021-81865-6}, number={1}, journal={Scientific Reports}, publisher={Springer Science and Business Media LLC}, author={Dom, Simon Peter and Ikenaga, Makoto and Lau, Sharon Yu Ling and Radu, Son and Midot, Frazer and Yap, Mui Lan and Chin, Mei-Yee and Lo, Mei Lieng and Jee, Mui Sie and Maie, Nagamitsu and Melling, Lulie}, year={2021}, month=mar }

@article{Dommain_2011, title={Development and carbon sequestration of tropical peat domes in south-east Asia: links to post-glacial sea-level changes and Holocene climate variability}, volume={30}, ISSN={0277-3791}, url={http://dx.doi.org/10.1016/j.quascirev.2011.01.018}, DOI={10.1016/j.quascirev.2011.01.018}, number={7–8}, journal={Quaternary Science Reviews}, publisher={Elsevier BV}, author={Dommain, René and Couwenberg, John and Joosten, Hans}, year={2011}, month=apr, pages={999–1010} }

@article{Dworkin_2012, title={Sergei Winogradsky: a founder of modern microbiology and the first microbial ecologist}, volume={36}, ISSN={1574-6976}, url={http://dx.doi.org/10.1111/j.1574-6976.2011.00299.x}, DOI={10.1111/j.1574-6976.2011.00299.x}, number={2}, journal={FEMS Microbiology Reviews}, publisher={Oxford University Press (OUP)}, author={Dworkin, Martin and Gutnick, David}, year={2012}, month=mar, pages={364–379} }

@article{Eddy_2011_hmmer, title={Accelerated Profile HMM Searches}, volume={7}, ISSN={1553-7358}, url={http://dx.doi.org/10.1371/journal.pcbi.1002195}, DOI={10.1371/journal.pcbi.1002195}, number={10}, journal={PLoS Computational Biology}, publisher={Public Library of Science (PLoS)}, author={Eddy, Sean R.}, editor={Pearson, William R.}, year={2011}, month=oct, pages={e1002195} }

@article{Edgar_2022_muscle, title={Muscle5: High-accuracy alignment ensembles enable unbiased assessments of sequence homology and phylogeny}, volume={13}, ISSN={2041-1723}, url={http://dx.doi.org/10.1038/s41467-022-34630-w}, DOI={10.1038/s41467-022-34630-w}, number={1}, journal={Nature Communications}, publisher={Springer Science and Business Media LLC}, author={Edgar, Robert C.}, year={2022}, month=nov }

@article{El_Gebali_2018_pfam, title={The Pfam protein families database in 2019}, volume={47}, ISSN={1362-4962}, url={http://dx.doi.org/10.1093/nar/gky995}, DOI={10.1093/nar/gky995}, number={D1}, journal={Nucleic Acids Research}, publisher={Oxford University Press (OUP)}, author={El-Gebali, Sara and Mistry, Jaina and Bateman, Alex and Eddy, Sean R and Luciani, Aurélien and Potter, Simon C and Qureshi, Matloob and Richardson, Lorna J and Salazar, Gustavo A and Smart, Alfredo and Sonnhammer, Erik L L and Hirsh, Layla and Paladin, Lisanna and Piovesan, Damiano and Tosatto, Silvio C E and Finn, Robert D}, year={2018}, month=oct, pages={D427–D432} }

@article{Ellenbogen_2024_methylotrophy, title={Methylotrophy in the Mire: direct and indirect routes for methane production in thawing permafrost}, volume={9}, ISSN={2379-5077}, url={http://dx.doi.org/10.1128/msystems.00698-23}, DOI={10.1128/msystems.00698-23}, number={1}, journal={mSystems}, publisher={American Society for Microbiology}, author={Ellenbogen, Jared B. and Borton, Mikayla A. and McGivern, Bridget B. and Cronin, Dylan R. and Hoyt, David W. and Freire-Zapata, Viviana and McCalley, Carmody K. and Varner, Ruth K. and Crill, Patrick M. and Wehr, Richard A. and Chanton, Jeffrey P. and Woodcroft, Ben J. and Tfaily, Malak M. and Tyson, Gene W. and Rich, Virginia I. and Wrighton, Kelly C.}, editor={Hernandez, Marcela}, year={2024}, month=jan }

@article{Emerson_2018, title={Host-linked soil viral ecology along a permafrost thaw gradient}, volume={3}, ISSN={2058-5276}, url={http://dx.doi.org/10.1038/s41564-018-0190-y}, DOI={10.1038/s41564-018-0190-y}, number={8}, journal={Nature Microbiology}, publisher={Springer Science and Business Media LLC}, author={Emerson, Joanne B. and Roux, Simon and Brum, Jennifer R. and Bolduc, Benjamin and Woodcroft, Ben J. and Jang, Ho Bin and Singleton, Caitlin M. and Solden, Lindsey M. and Naas, Adrian E. and Boyd, Joel A. and Hodgkins, Suzanne B. and Wilson, Rachel M. and Trubl, Gareth and Li, Changsheng and Frolking, Steve and Pope, Phillip B. and Wrighton, Kelly C. and Crill, Patrick M. and Chanton, Jeffrey P. and Saleska, Scott R. and Tyson, Gene W. and Rich, Virginia I. and Sullivan, Matthew B.}, year={2018}, month=jul, pages={870–880} }

@article{Eren_2024_modern, title={Modern microbiology: Embracing complexity through integration across scales}, volume={187}, ISSN={0092-8674}, url={http://dx.doi.org/10.1016/j.cell.2024.08.028}, DOI={10.1016/j.cell.2024.08.028}, number={19}, journal={Cell}, publisher={Elsevier BV}, author={Eren, A. Murat and Banfield, Jillian F.}, year={2024}, month=sep, pages={5151–5170} }

@article{Ermler_1997_mcr, title={Crystal Structure of Methyl-Coenzyme M Reductase: The Key Enzyme of Biological Methane Formation}, volume={278}, ISSN={1095-9203}, url={http://dx.doi.org/10.1126/science.278.5342.1457}, DOI={10.1126/science.278.5342.1457}, number={5342}, journal={Science}, publisher={American Association for the Advancement of Science (AAAS)}, author={Ermler, Ulrich and Grabarse, Wolfgang and Shima, Seigo and Goubeaud, Marcel and Thauer, Rudolf K.}, year={1997}, month=nov, pages={1457–1462} }

@article{Ernst_2022_ros, title={Methane formation driven by reactive oxygen species across all living organisms}, volume={603}, ISSN={1476-4687}, url={http://dx.doi.org/10.1038/s41586-022-04511-9}, DOI={10.1038/s41586-022-04511-9}, number={7901}, journal={Nature}, publisher={Springer Science and Business Media LLC}, author={Ernst, Leonard and Steinfeld, Benedikt and Barayeu, Uladzimir and Klintzsch, Thomas and Kurth, Markus and Grimm, Dirk and Dick, Tobias P. and Rebelein, Johannes G. and Bischofs, Ilka B. and Keppler, Frank}, year={2022}, month=mar, pages={482–487} }

@article{Esson_2016_proteo, title={Alpha- and Gammaproteobacterial Methanotrophs Codominate the Active Methane-Oxidizing Communities in an Acidic Boreal Peat Bog}, volume={82}, ISSN={1098-5336}, url={http://dx.doi.org/10.1128/aem.03640-15}, DOI={10.1128/aem.03640-15}, number={8}, journal={Applied and Environmental Microbiology}, publisher={American Society for Microbiology}, author={Esson, Kaitlin C. and Lin, Xueju and Kumaresan, Deepak and Chanton, Jeffrey P. and Murrell, J. Colin and Kostka, Joel E.}, editor={Voordouw, G.}, year={2016}, month=apr, pages={2363–2371} }

@article{Ettwig_2010_nitrite, title={Nitrite-driven anaerobic methane oxidation by oxygenic bacteria}, volume={464}, ISSN={1476-4687}, url={http://dx.doi.org/10.1038/nature08883}, DOI={10.1038/nature08883}, number={7288}, journal={Nature}, publisher={Springer Science and Business Media LLC}, author={Ettwig, Katharina F. and Butler, Margaret K. and Le Paslier, Denis and Pelletier, Eric and Mangenot, Sophie and Kuypers, Marcel M. M. and Schreiber, Frank and Dutilh, Bas E. and Zedelius, Johannes and de Beer, Dirk and Gloerich, Jolein and Wessels, Hans J. C. T. and van Alen, Theo and Luesken, Francisca and Wu, Ming L. and van de Pas-Schoonen, Katinka T. and Op den Camp, Huub J. M. and Janssen-Megens, Eva M. and Francoijs, Kees-Jan and Stunnenberg, Henk and Weissenbach, Jean and Jetten, Mike S. M. and Strous, Marc}, year={2010}, month=mar, pages={543–548} }

@article{Ettwig_2016_iron, title={Archaea catalyze iron-dependent anaerobic oxidation of methane}, volume={113}, ISSN={1091-6490}, url={http://dx.doi.org/10.1073/pnas.1609534113}, DOI={10.1073/pnas.1609534113}, number={45}, journal={Proceedings of the National Academy of Sciences}, publisher={Proceedings of the National Academy of Sciences}, author={Ettwig, Katharina F. and Zhu, Baoli and Speth, Daan and Keltjens, Jan T. and Jetten, Mike S. M. and Kartal, Boran}, year={2016}, month=oct, pages={12792–12796} }

@article{Evans_2019_evolving, title={An evolving view of methane metabolism in the Archaea}, volume={17}, ISSN={1740-1534}, url={http://dx.doi.org/10.1038/s41579-018-0136-7}, DOI={10.1038/s41579-018-0136-7}, number={4}, journal={Nature Reviews Microbiology}, publisher={Springer Science and Business Media LLC}, author={Evans, Paul N. and Boyd, Joel A. and Leu, Andy O. and Woodcroft, Ben J. and Parks, Donovan H. and Hugenholtz, Philip and Tyson, Gene W.}, year={2019}, month=jan, pages={219–232} }

@article{Feng_2022, title={Tropical methane emissions explain large fraction of recent changes in global atmospheric methane growth rate}, volume={13}, ISSN={2041-1723}, url={http://dx.doi.org/10.1038/s41467-022-28989-z}, DOI={10.1038/s41467-022-28989-z}, number={1}, journal={Nature Communications}, publisher={Springer Science and Business Media LLC}, author={Feng, Liang and Palmer, Paul I. and Zhu, Sihong and Parker, Robert J. and Liu, Yi}, year={2022}, month=mar }

@article{Fenner_2020, title={Woody litter protects peat carbon stocks during drought}, volume={10}, ISSN={1758-6798}, url={http://dx.doi.org/10.1038/s41558-020-0727-y}, DOI={10.1038/s41558-020-0727-y}, number={4}, journal={Nature Climate Change}, publisher={Springer Science and Business Media LLC}, author={Fenner, Nathalie and Freeman, Chris}, year={2020}, month=mar, pages={363–369} }

@article{FreireZapata_2024, title={Microbiome–metabolite linkages drive greenhouse gas dynamics over a permafrost thaw gradient}, volume={9}, ISSN={2058-5276}, url={http://dx.doi.org/10.1038/s41564-024-01800-z}, DOI={10.1038/s41564-024-01800-z}, number={11}, journal={Nature Microbiology}, publisher={Springer Science and Business Media LLC}, author={Freire-Zapata, Viviana and Holland-Moritz, Hannah and Cronin, Dylan R. and Aroney, Sam and Smith, Derek A. and Wilson, Rachel M. and Ernakovich, Jessica G. and Woodcroft, Ben J. and Bagby, Sarah C. and Hodgkins, Suzanne B. and Mondav, Rhiannon and E. Cross, Jennifer and Fahnestock, Maria Florencia and Ferriere, Regis and Ibba, Michael and Saleska, Scott R. and Varner, Ruth K. and Zayed, Ahmed A. and Rich, Virginia I. and Sullivan, Matthew B. and Stegen, James C. and Tfaily, Malak M.}, year={2024}, month=oct, pages={2892–2908} }

@article{Galperin_2007_linear, title={Linear chromosomes in bacteria: no straight edge advantage?}, volume={9}, ISSN={1462-2920}, url={http://dx.doi.org/10.1111/j.1462-2920.2007.01328.x}, DOI={10.1111/j.1462-2920.2007.01328.x}, number={6}, journal={Environmental Microbiology}, publisher={Wiley}, author={Galperin, Michael Y.}, year={2007}, month=may, pages={1357–1362} }

@article{Galperin_2017_cog, title={Microbial genome analysis: the COG approach}, volume={20}, ISSN={1477-4054}, url={http://dx.doi.org/10.1093/bib/bbx117}, DOI={10.1093/bib/bbx117}, number={4}, journal={Briefings in Bioinformatics}, publisher={Oxford University Press (OUP)}, author={Galperin, Michael Y and Kristensen, David M and Makarova, Kira S and Wolf, Yuri I and Koonin, Eugene V}, year={2017}, month=sep, pages={1063–1070} }

@article{Goh_2020_chitinophaga, title={Chitinophaga extrema sp. nov., isolated from subsurface soil and leaf litter in a tropical peat swamp forest}, volume={70}, ISSN={1466-5034}, url={http://dx.doi.org/10.1099/ijsem.0.004539}, DOI={10.1099/ijsem.0.004539}, number={12}, journal={International Journal of Systematic and Evolutionary Microbiology}, publisher={Microbiology Society}, author={Goh, Calvin Bok Sun and Wong, Li Wen and Parimannan, Sivachandran and Rajandas, Heera and Loke, Stella and Croft, Lawrence and Yule, Catherine Mary and Pasbakhsh, Pooria and Lee, Sui Mae and Tan, Joash Ban Lee}, year={2020}, month=dec, pages={6355–6363} }

@article{Greening_2022, title={Microbial oxidation of atmospheric trace gases}, volume={20}, ISSN={1740-1534}, url={http://dx.doi.org/10.1038/s41579-022-00724-x}, DOI={10.1038/s41579-022-00724-x}, number={9}, journal={Nature Reviews Microbiology}, publisher={Springer Science and Business Media LLC}, author={Greening, Chris and Grinter, Rhys}, year={2022}, month=apr, pages={513–528} }

@article{GuerreroCruz_2021_methanotroph, title={Methanotrophs: Discoveries, Environmental Relevance, and a Perspective on Current and Future Applications}, volume={12}, ISSN={1664-302X}, url={http://dx.doi.org/10.3389/fmicb.2021.678057}, DOI={10.3389/fmicb.2021.678057}, journal={Frontiers in Microbiology}, publisher={Frontiers Media SA}, author={Guerrero-Cruz, Simon and Vaksmaa, Annika and Horn, Marcus A. and Niemann, Helge and Pijuan, Maite and Ho, Adrian}, year={2021}, month=may }

@article{Gwak_2022, title={Sulfur and methane oxidation by a single microorganism}, volume={119}, ISSN={1091-6490}, url={http://dx.doi.org/10.1073/pnas.2114799119}, DOI={10.1073/pnas.2114799119}, number={32}, journal={Proceedings of the National Academy of Sciences}, publisher={Proceedings of the National Academy of Sciences}, author={Gwak, Joo-Han and Awala, Samuel Imisi and Nguyen, Ngoc-Loi and Yu, Woon-Jong and Yang, Hae-Young and von Bergen, Martin and Jehmlich, Nico and Kits, K. Dimitri and Loy, Alexander and Dunfield, Peter. F. and Dahl, Christiane and Hyun, Jung-Ho and Rhee, Sung-Keun}, year={2022}, month=aug }

@article{Hackl_2021_proovframe, title={proovframe: frameshift-correction for long-read (meta)genomics}, url={http://dx.doi.org/10.1101/2021.08.23.457338}, DOI={10.1101/2021.08.23.457338}, publisher={Cold Spring Harbor Laboratory}, author={Hackl, Thomas and Trigodet, Florian and Eren, A. Murat and Biller, Steven J. and Eppley, John M. and Luo, Elaine and Burger, Andrew and DeLong, Edward F. and Fischer, Matthias G.}, year={2021}, month=aug }

@article{Haft_2017_refseq, title={RefSeq: an update on prokaryotic genome annotation and curation}, volume={46}, ISSN={1362-4962}, url={http://dx.doi.org/10.1093/nar/gkx1068}, DOI={10.1093/nar/gkx1068}, number={D1}, journal={Nucleic Acids Research}, publisher={Oxford University Press (OUP)}, author={Haft, Daniel H and DiCuccio, Michael and Badretdin, Azat and Brover, Vyacheslav and Chetvernin, Vyacheslav and O’Neill, Kathleen and Li, Wenjun and Chitsaz, Farideh and Derbyshire, Myra K and Gonzales, Noreen R and Gwadz, Marc and Lu, Fu and Marchler, Gabriele H and Song, James S and Thanki, Narmada and Yamashita, Roxanne A and Zheng, Chanjuan and Thibaud-Nissen, Françoise and Geer, Lewis Y and Marchler-Bauer, Aron and Pruitt, Kim D}, year={2017}, month=nov, pages={D851–D860} }

@article{Handelsman_1998, title={Molecular biological access to the chemistry of unknown soil microbes: a new frontier for natural products}, volume={5}, ISSN={1074-5521}, url={http://dx.doi.org/10.1016/s1074-5521(98)90108-9}, DOI={10.1016/s1074-5521(98)90108-9}, number={10}, journal={Chemistry \& Biology}, publisher={Elsevier BV}, author={Handelsman, Jo and Rondon, Michelle R. and Brady, Sean F. and Clardy, Jon and Goodman, Robert M.}, year={1998}, month=oct, pages={R245–R249} }

@article{Haroon_2013_nitrate, title={Anaerobic oxidation of methane coupled to nitrate reduction in a novel archaeal lineage}, volume={500}, ISSN={1476-4687}, url={http://dx.doi.org/10.1038/nature12375}, DOI={10.1038/nature12375}, number={7464}, journal={Nature}, publisher={Springer Science and Business Media LLC}, author={Haroon, Mohamed F. and Hu, Shihu and Shi, Ying and Imelfort, Michael and Keller, Jurg and Hugenholtz, Philip and Yuan, Zhiguo and Tyson, Gene W.}, year={2013}, month=jul, pages={567–570} }

@article{Hausmann_2018_peatSulfur, title={PeatlandAcidobacteriawith a dissimilatory sulfur metabolism}, volume={12}, ISSN={1751-7370}, url={http://dx.doi.org/10.1038/s41396-018-0077-1}, DOI={10.1038/s41396-018-0077-1}, number={7}, journal={The ISME Journal}, publisher={Oxford University Press (OUP)}, author={Hausmann, Bela and Pelikan, Claus and Herbold, Craig W and Köstlbacher, Stephan and Albertsen, Mads and Eichorst, Stephanie A and Glavina del Rio, Tijana and Huemer, Martin and Nielsen, Per H and Rattei, Thomas and Stingl, Ulrich and Tringe, Susannah G and Trojan, Daniela and Wentrup, Cecilia and Woebken, Dagmar and Pester, Michael and Loy, Alexander}, year={2018}, month=feb, pages={1729–1742} }

@article{Hodgkins_2018, title={Tropical peatland carbon storage linked to global latitudinal trends in peat recalcitrance}, volume={9}, ISSN={2041-1723}, url={http://dx.doi.org/10.1038/s41467-018-06050-2}, DOI={10.1038/s41467-018-06050-2}, number={1}, journal={Nature Communications}, publisher={Springer Science and Business Media LLC}, author={Hodgkins, Suzanne B. and Richardson, Curtis J. and Dommain, René and Wang, Hongjun and Glaser, Paul H. and Verbeke, Brittany and Winkler, B. Rose and Cobb, Alexander R. and Rich, Virginia I. and Missilmani, Malak and Flanagan, Neal and Ho, Mengchi and Hoyt, Alison M. and Harvey, Charles F. and Vining, S. Rose and Hough, Moira A. and Moore, Tim R. and Richard, Pierre J. H. and De La Cruz, Florentino B. and Toufaily, Joumana and Hamdan, Rasha and Cooper, William T. and Chanton, Jeffrey P.}, year={2018}, month=sep }

@article{Hooijer_2012, title={Subsidence and carbon loss in drained tropical peatlands}, volume={9}, ISSN={1726-4189}, url={http://dx.doi.org/10.5194/bg-9-1053-2012}, DOI={10.5194/bg-9-1053-2012}, number={3}, journal={Biogeosciences}, publisher={Copernicus GmbH}, author={Hooijer, A. and Page, S. and Jauhiainen, J. and Lee, W. A. and Lu, X. X. and Idris, A. and Anshari, G.}, year={2012}, month=mar, pages={1053–1071} }

@article{Hoyt_2020, title={Widespread subsidence and carbon emissions across Southeast Asian peatlands}, volume={13}, ISSN={1752-0908}, url={http://dx.doi.org/10.1038/s41561-020-0575-4}, DOI={10.1038/s41561-020-0575-4}, number={6}, journal={Nature Geoscience}, publisher={Springer Science and Business Media LLC}, author={Hoyt, Alison M. and Chaussard, Estelle and Seppalainen, Sandra S. and Harvey, Charles F.}, year={2020}, month=jun, pages={435–440} }

@article{Hug_2016, title={A new view of the tree of life}, volume={1}, ISSN={2058-5276}, url={http://dx.doi.org/10.1038/nmicrobiol.2016.48}, DOI={10.1038/nmicrobiol.2016.48}, number={5}, journal={Nature Microbiology}, publisher={Springer Science and Business Media LLC}, author={Hug, Laura A. and Baker, Brett J. and Anantharaman, Karthik and Brown, Christopher T. and Probst, Alexander J. and Castelle, Cindy J. and Butterfield, Cristina N. and Hernsdorf, Alex W. and Amano, Yuki and Ise, Kotaro and Suzuki, Yohey and Dudek, Natasha and Relman, David A. and Finstad, Kari M. and Amundson, Ronald and Thomas, Brian C. and Banfield, Jillian F.}, year={2016}, month=apr }

@article{Hyatt_2010_prodigal, title={Prodigal: prokaryotic gene recognition and translation initiation site identification}, volume={11}, ISSN={1471-2105}, url={http://dx.doi.org/10.1186/1471-2105-11-119}, DOI={10.1186/1471-2105-11-119}, number={1}, journal={BMC Bioinformatics}, publisher={Springer Science and Business Media LLC}, author={Hyatt, Doug and Chen, Gwo-Liang and LoCascio, Philip F and Land, Miriam L and Larimer, Frank W and Hauser, Loren J}, year={2010}, month=mar }

@article{Ishikura_2019_flux, title={Carbon Dioxide and Methane Emissions from Peat Soil in an Undrained Tropical Peat Swamp Forest}, volume={22}, ISSN={1435-0629}, url={http://dx.doi.org/10.1007/s10021-019-00376-8}, DOI={10.1007/s10021-019-00376-8}, number={8}, journal={Ecosystems}, publisher={Springer Science and Business Media LLC}, author={Ishikura, Kiwamu and Hirata, Ryuichi and Hirano, Takashi and Okimoto, Yosuke and Wong, Guan Xhuan and Melling, Lulie and Aeries, Edward Baran and Kiew, Frankie and Lo, Kim San and Musin, Kevin Kemudang and Waili, Joseph Wenceslaus and Ishii, Yoshiyuki}, year={2019}, month=apr, pages={1852–1868} }

@article{Jackson_2008, title={Structural and Functional Changes with Depth in Microbial Communities in a Tropical Malaysian Peat Swamp Forest}, volume={57}, ISSN={1432-184X}, url={http://dx.doi.org/10.1007/s00248-008-9409-4}, DOI={10.1007/s00248-008-9409-4}, number={3}, journal={Microbial Ecology}, publisher={Springer Science and Business Media LLC}, author={Jackson, Colin R. and Liew, Kong Cheng and Yule, Catherine M.}, year={2008}, month=jun, pages={402–412} }

@article{Kang_2019_metabat2, title={MetaBAT 2: an adaptive binning algorithm for robust and efficient genome reconstruction from metagenome assemblies}, volume={7}, ISSN={2167-8359}, url={http://dx.doi.org/10.7717/peerj.7359}, DOI={10.7717/peerj.7359}, journal={PeerJ}, publisher={PeerJ}, author={Kang, Dongwan D. and Li, Feng and Kirton, Edward and Thomas, Ashleigh and Egan, Rob and An, Hong and Wang, Zhong}, year={2019}, month=jul, pages={e7359} }

@article{Katoh_2002_mafft, title={MAFFT: a novel method for rapid multiple sequence alignment based on fast Fourier transform}, volume={30}, ISSN={1362-4962}, url={http://dx.doi.org/10.1093/nar/gkf436}, DOI={10.1093/nar/gkf436}, number={14}, journal={Nucleic Acids Research}, publisher={Oxford University Press (OUP)}, author={Katoh, K.}, year={2002}, month=jul, pages={3059–3066} }

@article{Kohtz_2024_MethanosuratincolaverstraeteiLCB70, title={Cultivation and visualization of a methanogen of the phylum Thermoproteota}, volume={632}, ISSN={1476-4687}, url={http://dx.doi.org/10.1038/s41586-024-07631-6}, DOI={10.1038/s41586-024-07631-6}, number={8027}, journal={Nature}, publisher={Springer Science and Business Media LLC}, author={Kohtz, Anthony J. and Petrosian, Nikolai and Krukenberg, Viola and Jay, Zackary J. and Pilhofer, Martin and Hatzenpichler, Roland}, year={2024}, month=jul, pages={1118–1123} }

@article{Kolmogorov_2019_flye, title={Assembly of long, error-prone reads using repeat graphs}, volume={37}, ISSN={1546-1696}, url={http://dx.doi.org/10.1038/s41587-019-0072-8}, DOI={10.1038/s41587-019-0072-8}, number={5}, journal={Nature Biotechnology}, publisher={Springer Science and Business Media LLC}, author={Kolmogorov, Mikhail and Yuan, Jeffrey and Lin, Yu and Pevzner, Pavel A.}, year={2019}, month=apr, pages={540–546} }

@article{Krukenberg_2024_MethanodesulfokorawashburnensisLCB3, title={Methyl-reducing methanogenesis by a thermophilic culture of Korarchaeia}, volume={632}, ISSN={1476-4687}, url={http://dx.doi.org/10.1038/s41586-024-07829-8}, DOI={10.1038/s41586-024-07829-8}, number={8027}, journal={Nature}, publisher={Springer Science and Business Media LLC}, author={Krukenberg, Viola and Kohtz, Anthony J. and Jay, Zackary J. and Hatzenpichler, Roland}, year={2024}, month=jul, pages={1131–1136} }

@article{Kurth_2020_several, title={Several ways one goal—methanogenesis from unconventional substrates}, volume={104}, ISSN={1432-0614}, url={http://dx.doi.org/10.1007/s00253-020-10724-7}, DOI={10.1007/s00253-020-10724-7}, number={16}, journal={Applied Microbiology and Biotechnology}, publisher={Springer Science and Business Media LLC}, author={Kurth, Julia M. and Op den Camp, Huub J. M. and Welte, Cornelia U.}, year={2020}, month=jun, pages={6839–6854} }

@incollection{Lane_1991, author ={David J. Lane}, title ={16S/23S rRNA sequencing}, booktitle ={Nucleic Acid Techniques in Bacterial Systematics}, editor ={Edward Stackebrandt and Michael Goodfellow}, publisher ={John Wiley \& Sons}, year ={1991}, pages ={115--175}}

@article{Langmead_bowtie2, title={Fast gapped-read alignment with Bowtie 2}, volume={9}, ISSN={1548-7105}, url={http://dx.doi.org/10.1038/nmeth.1923}, DOI={10.1038/nmeth.1923}, number={4}, journal={Nature Methods}, publisher={Springer Science and Business Media LLC}, author={Langmead, Ben and Salzberg, Steven L}, year={2012}, month=mar, pages={357–359} }

@article{LaRowe_2011, title={Degradation of natural organic matter: A thermodynamic analysis}, volume={75}, ISSN={0016-7037}, url={http://dx.doi.org/10.1016/j.gca.2011.01.020}, DOI={10.1016/j.gca.2011.01.020}, number={8}, journal={Geochimica et Cosmochimica Acta}, publisher={Elsevier BV}, author={LaRowe, Douglas E. and Van Cappellen, Philippe}, year={2011}, month=apr, pages={2030–2042} }

@article{Larralde_2022_pyrodigal, title={Pyrodigal: Python bindings and interface to Prodigal, an efficient method for gene prediction in prokaryotes}, volume={7}, ISSN={2475-9066}, url={http://dx.doi.org/10.21105/joss.04296}, DOI={10.21105/joss.04296}, number={72}, journal={Journal of Open Source Software}, publisher={The Open Journal}, author={Larralde, Martin}, year={2022}, month=apr, pages={4296} }

@article{Ledger_2023, title={Tropical peat surface oscillations are a function of peat condition at North Selangor peat swamp forest, Malaysia}, volume={11}, ISSN={2296-665X}, url={http://dx.doi.org/10.3389/fenvs.2023.1182100}, DOI={10.3389/fenvs.2023.1182100}, journal={Frontiers in Environmental Science}, publisher={Frontiers Media SA}, author={Ledger, Martha J. and Evans, Chris D. and Large, David J. and Evers, Stephanie and Brown, Chloe and Jovani-Sancho, A. Jonay and Callaghan, Nathan and Vane, Christopher H. and Marshall, Chris and Baskaran, Abirami and Gan, Jing Ye and Sowter, Andrew and Morrison, Keith and Sjögersten, Sofie}, year={2023}, month=aug }

@article{Lee_2019_gtotree, title={GToTree: a user-friendly workflow for phylogenomics}, volume={35}, ISSN={1367-4811}, url={http://dx.doi.org/10.1093/bioinformatics/btz188}, DOI={10.1093/bioinformatics/btz188}, number={20}, journal={Bioinformatics}, publisher={Oxford University Press (OUP)}, author={Lee, Michael D}, editor={Ponty, Yann}, year={2019}, month=mar, pages={4162–4164} }

@article{Lenstra_2021_manganese, title={A sequential extraction procedure for particulate manganese and its application to coastal marine sediments}, volume={584}, ISSN={0009-2541}, url={http://dx.doi.org/10.1016/j.chemgeo.2021.120538}, DOI={10.1016/j.chemgeo.2021.120538}, journal={Chemical Geology}, publisher={Elsevier BV}, author={Lenstra, W.K. and Klomp, R. and Molema, F. and Behrends, T. and Slomp, C.P.}, year={2021}, month=dec, pages={120538} }

@article{Letunic_2024_itol, title={Interactive Tree of Life (iTOL) v6: recent updates to the phylogenetic tree display and annotation tool}, volume={52}, ISSN={1362-4962}, url={http://dx.doi.org/10.1093/nar/gkae268}, DOI={10.1093/nar/gkae268}, number={W1}, journal={Nucleic Acids Research}, publisher={Oxford University Press (OUP)}, author={Letunic, Ivica and Bork, Peer}, year={2024}, month=apr, pages={W78–W82} }

@article{Leu_2020_manganese, title={Anaerobic methane oxidation coupled to manganese reduction by members of the Methanoperedenaceae}, volume={14}, ISSN={1751-7370}, url={http://dx.doi.org/10.1038/s41396-020-0590-x}, DOI={10.1038/s41396-020-0590-x}, number={4}, journal={The ISME Journal}, publisher={Oxford University Press (OUP)}, author={Leu, Andy O and Cai, Chen and McIlroy, Simon J and Southam, Gordon and Orphan, Victoria J and Yuan, Zhiguo and Hu, Shihu and Tyson, Gene W}, year={2020}, month=jan, pages={1030–1041} }

@article{Li_2018_minimap2, title={Minimap2: pairwise alignment for nucleotide sequences}, volume={34}, ISSN={1367-4811}, url={http://dx.doi.org/10.1093/bioinformatics/bty191}, DOI={10.1093/bioinformatics/bty191}, number={18}, journal={Bioinformatics}, publisher={Oxford University Press (OUP)}, author={Li, Heng}, editor={Birol, Inanc}, year={2018}, month=may, pages={3094–3100} }

@article{Li_2025_aerobic, title={Proteomic evidence for aerobic methane production in groundwater by methylotrophic Methylotenera}, ISSN={1751-7370}, url={http://dx.doi.org/10.1093/ismejo/wraf024}, DOI={10.1093/ismejo/wraf024}, journal={The ISME Journal}, publisher={Oxford University Press (OUP)}, author={Li, Shengjie and Dong, Xiaoli and Humez, Pauline and Borecki, Joanna and Birks, Jean and McClain, Cynthia and Mayer, Bernhard and Strous, Marc and Diao, Muhe}, year={2025}, month=feb }

@article{Liang_2017_carbonpump, title={The importance of anabolism in microbial control over soil carbon storage}, volume={2}, ISSN={2058-5276}, url={http://dx.doi.org/10.1038/nmicrobiol.2017.105}, DOI={10.1038/nmicrobiol.2017.105}, number={8}, journal={Nature Microbiology}, publisher={Springer Science and Business Media LLC}, author={Liang, Chao and Schimel, Joshua P. and Jastrow, Julie D.}, year={2017}, month=jul }

@article{Lim_2017_phenolic, title={Distribution and characterisation of phenolic compounds in Macaranga pruinosa and associated soils in a tropical peat swamp forest}, volume={29}, ISSN={0128-1283}, url={http://dx.doi.org/10.26525/jtfs2017.29.4.509518}, DOI={10.26525/jtfs2017.29.4.509518}, number={4}, journal={Journal of Tropical Forest Science}, publisher={Forest Research Institute Malaysia}, author = {Lim, Yau Yan and Yule, Catherine M.}, year={2017}, month=oct, pages={509–518} }

@article{Liu_2021, title={Expanded diversity of Asgard archaea and their relationships with eukaryotes}, volume={593}, ISSN={1476-4687}, url={http://dx.doi.org/10.1038/s41586-021-03494-3}, DOI={10.1038/s41586-021-03494-3}, number={7860}, journal={Nature}, publisher={Springer Science and Business Media LLC}, author={Liu, Yang and Makarova, Kira S. and Huang, Wen-Cong and Wolf, Yuri I. and Nikolskaya, Anastasia N. and Zhang, Xinxu and Cai, Mingwei and Zhang, Cui-Jing and Xu, Wei and Luo, Zhuhua and Cheng, Lei and Koonin, Eugene V. and Li, Meng}, year={2021}, month=apr, pages={553–557} }

@article{Liu_2025_gelling, title={Gelling and reducing agents are potential carbon and energy sources in culturing of anaerobic microorganisms}, volume={91}, ISSN={1098-5336}, url={http://dx.doi.org/10.1128/aem.02276-24}, DOI={10.1128/aem.02276-24}, number={3}, journal={Applied and Environmental Microbiology}, publisher={American Society for Microbiology}, author={Liu, Yi-Fan and Yang, Liu and He, Qing-Ping and Xu, Yi-Lin and Zhu, Yu-Tong and Mi, Yan-Le and Zhou, Lei and Yang, Shi-Zhong and Gu, Ji-Dong and Mu, Bo-Zhong}, editor={Zhou, Ning-Yi}, year={2025}, month=mar }

@article{Luo_2015, title={ConStrains identifies microbial strains in metagenomic datasets}, volume={33}, ISSN={1546-1696}, url={http://dx.doi.org/10.1038/nbt.3319}, DOI={10.1038/nbt.3319}, number={10}, journal={Nature Biotechnology}, publisher={Springer Science and Business Media LLC}, author={Luo, Chengwei and Knight, Rob and Siljander, Heli and Knip, Mikael and Xavier, Ramnik J and Gevers, Dirk}, year={2015}, month=sep, pages={1045–1052} }

@article{Harrison_2010, title={Introducing the bacterial ‘chromid’: not a chromosome, not a plasmid}, volume={18}, ISSN={0966-842X}, url={http://dx.doi.org/10.1016/j.tim.2009.12.010}, DOI={10.1016/j.tim.2009.12.010}, number={4}, journal={Trends in Microbiology}, publisher={Elsevier BV}, author={Harrison, Peter W. and Lower, Ryan P.J. and Kim, Nayoung K.D. and Young, J. Peter W.}, year={2010}, month=apr, pages={141–148} }

@article{Hover_2018, title={Culture-independent discovery of the malacidins as calcium-dependent antibiotics with activity against multidrug-resistant Gram-positive pathogens}, volume={3}, ISSN={2058-5276}, url={http://dx.doi.org/10.1038/s41564-018-0110-1}, DOI={10.1038/s41564-018-0110-1}, number={4}, journal={Nature Microbiology}, publisher={Springer Science and Business Media LLC}, author={Hover, Bradley M. and Kim, Seong-Hwan and Katz, Micah and Charlop-Powers, Zachary and Owen, Jeremy G. and Ternei, Melinda A. and Maniko, Jeffrey and Estrela, Andreia B. and Molina, Henrik and Park, Steven and Perlin, David S. and Brady, Sean F.}, year={2018}, month=feb, pages={415–422} }

@article{Mallawaarachchi_2022_metacoag, title={Accurate Binning of Metagenomic Contigs Using Composition, Coverage, and Assembly Graphs}, volume={29}, ISSN={1557-8666}, url={http://dx.doi.org/10.1089/cmb.2022.0262}, DOI={10.1089/cmb.2022.0262}, number={12}, journal={Journal of Computational Biology}, publisher={Mary Ann Liebert Inc}, author={Mallawaarachchi, Vijini and Lin, Yu}, year={2022}, month=dec, pages={1357–1376} }

@article{Mander_2025, title={Global peatland greenhouse gas dynamics: state of the art, processes, and perspectives}, volume={246}, ISSN={1469-8137}, url={http://dx.doi.org/10.1111/nph.20436}, DOI={10.1111/nph.20436}, number={1}, journal={New Phytologist}, publisher={Wiley}, author={Mander, Ülo and Öpik, Maarja and Espenberg, Mikk}, year={2025}, month=feb, pages={94–102} }

@article{matplotlib, Author = {Hunter, J. D.}, Title = {Matplotlib: A 2D graphics environment}, Journal = {Computing in Science \& Engineering}, Volume = {9}, Number = {3}, Pages = {90--95}, Publisher = {IEEE COMPUTER SOC}, Year = {2007}, doi = {10.1109/MCSE.2007.55} }

@article{Matsen_2010_pplacer, title={pplacer: linear time maximum-likelihood and Bayesian phylogenetic placement of sequences onto a fixed reference tree}, volume={11}, ISSN={1471-2105}, url={http://dx.doi.org/10.1186/1471-2105-11-538}, DOI={10.1186/1471-2105-11-538}, number={1}, journal={BMC Bioinformatics}, publisher={Springer Science and Business Media LLC}, author={Matsen, Frederick A and Kodner, Robin B and Armbrust, E Virginia}, year={2010}, month=oct }

@article{McGivern_2024, title = {Microbial polyphenol metabolism is part of the thawing permafrost carbon cycle}, volume = {9}, ISSN = {2058-5276}, url = {http://dx.doi.org/10.1038/s41564-024-01691-0}, DOI = {10.1038/s41564-024-01691-0}, number = {6}, journal = {Nature Microbiology}, publisher = {Springer Science and Business Media LLC}, author = {McGivern,  Bridget B. and Cronin,  Dylan R. and Ellenbogen,  Jared B. and Borton,  Mikayla A. and Knutson,  Eleanor L. and Freire-Zapata,  Viviana and Bouranis,  John A. and Bernhardt,  Lukas and Hernandez,  Alma I. and Flynn,  Rory M. and Woyda,  Reed and Cory,  Alexandra B. and Wilson,  Rachel M. and Chanton,  Jeffrey P. and Woodcroft,  Ben J. and Ernakovich,  Jessica G. and Tfaily,  Malak M. and Sullivan,  Matthew B. and Tyson,  Gene W. and Rich,  Virginia I. and Hagerman,  Ann E. and Wrighton,  Kelly C.}, year = {2024}, month = may, pages = {1454–1466}}

@article{Messyasz_2024_acido, title={Genome analysis and description of Tunturibacter gen. nov. expands the diversity of Terriglobia in tundra soils}, volume={26}, ISSN={1462-2920}, url={http://dx.doi.org/10.1111/1462-2920.16640}, DOI={10.1111/1462-2920.16640}, number={5}, journal={Environmental Microbiology}, publisher={Wiley}, author={Messyasz, Adriana and Männistö, Minna K. and Kerkhof, Lee J. and Häggblom, Max M.}, year={2024}, month=may }

@article{Michel_2024, title={Rapid shift in methane carbon isotopes suggests microbial emissions drove record high atmospheric methane growth in 2020–2022}, volume={121}, ISSN={1091-6490}, url={http://dx.doi.org/10.1073/pnas.2411212121}, DOI={10.1073/pnas.2411212121}, number={44}, journal={Proceedings of the National Academy of Sciences}, publisher={Proceedings of the National Academy of Sciences}, author={Michel, Sylvia Englund and Lan, Xin and Miller, John and Tans, Pieter and Clark, J. Reid and Schaefer, Hinrich and Sperlich, Peter and Brailsford, Gordon and Morimoto, Shinji and Moossen, Heiko and Li, Jianghanyang}, year={2024}, month=oct }

@article{Midot_2025, title={Temporal dynamics of soil microbial C and N cycles with GHG fluxes in the transition from tropical peatland forest to oil palm plantation}, volume={91}, ISSN={1098-5336}, url={http://dx.doi.org/10.1128/aem.01986-24}, DOI={10.1128/aem.01986-24}, number={1}, journal={Applied and Environmental Microbiology}, publisher={American Society for Microbiology}, author={Midot, Frazer and Goh, Kian Mau and Liew, Kok Jun and Lau, Sharon Yu Ling and Espenberg, Mikk and Mander, Ülo and Melling, Lulie}, editor={Biddle, Jennifer F.}, year={2025}, month=jan }

@article{Miettinen_2011, title={Deforestation rates in insular Southeast Asia between 2000 and 2010: Deforestation in Insular Southeast Asia 2000-2010}, volume={17}, ISSN={1354-1013}, url={http://dx.doi.org/10.1111/j.1365-2486.2011.02398.x}, DOI={10.1111/j.1365-2486.2011.02398.x}, number={7}, journal={Global Change Biology}, publisher={Wiley}, author={Miettinen, Jukka and Shi, Chenghua and Liew, Soo Chin}, year={2011}, month=feb, pages={2261–2270} }

@article{Miettinen_2011b_twoDecades, title={Two decades of destruction in Southeast Asia’s peat swamp forests}, volume={10}, ISSN={1540-9309}, url={http://dx.doi.org/10.1890/100236}, DOI={10.1890/100236}, number={3}, journal={Frontiers in Ecology and the Environment}, publisher={Wiley}, author={Miettinen, Jukka and Shi, Chenghua and Liew, Soo Chin}, year={2011}, month=apr, pages={124–128} }

@article{Miettinen_2016, title={Land cover distribution in the peatlands of Peninsular Malaysia, Sumatra and Borneo in 2015 with changes since 1990}, volume={6}, ISSN={2351-9894}, url={http://dx.doi.org/10.1016/j.gecco.2016.02.004}, DOI={10.1016/j.gecco.2016.02.004}, journal={Global Ecology and Conservation}, publisher={Elsevier BV}, author={Miettinen, Jukka and Shi, Chenghua and Liew, Soo Chin}, year={2016}, month=apr, pages={67–78} }

@article{MIMAG_2017, title={Minimum information about a single amplified genome (MISAG) and a metagenome-assembled genome (MIMAG) of bacteria and archaea}, volume={35}, ISSN={1546-1696}, url={http://dx.doi.org/10.1038/nbt.3893}, DOI={10.1038/nbt.3893}, number={8}, journal={Nature Biotechnology}, publisher={Springer Science and Business Media LLC}, author={Bowers, Robert M and Kyrpides, Nikos C and Stepanauskas, Ramunas and Harmon-Smith, Miranda and Doud, Devin and Reddy, T B K and Schulz, Frederik and Jarett, Jessica and Rivers, Adam R and Eloe-Fadrosh, Emiley A and Tringe, Susannah G and Ivanova, Natalia N and Copeland, Alex and Clum, Alicia and Becraft, Eric D and Malmstrom, Rex R and Birren, Bruce and Podar, Mircea and Bork, Peer and Weinstock, George M and Garrity, George M and Dodsworth, Jeremy A and Yooseph, Shibu and Sutton, Granger and Glöckner, Frank O and Gilbert, Jack A and Nelson, William C and Hallam, Steven J and Jungbluth, Sean P and Ettema, Thijs J G and Tighe, Scott and Konstantinidis, Konstantinos T and Liu, Wen-Tso and Baker, Brett J and Rattei, Thomas and Eisen, Jonathan A and Hedlund, Brian and McMahon, Katherine D and Fierer, Noah and Knight, Rob and Finn, Rob and Cochrane, Guy and Karsch-Mizrachi, Ilene and Tyson, Gene W and Rinke, Christian and Lapidus, Alla and Meyer, Folker and Yilmaz, Pelin and Parks, Donovan H and Murat Eren, A and Schriml, Lynn and Banfield, Jillian F and Hugenholtz, Philip and Woyke, Tanja}, year={2017}, month=aug, pages={725–731} }

@book{Mitsch_2023_wetlands, title = {Wetlands}, author = {Mitsch, William J. and Gosselink, James G. and Anderson, Christopher J. and Fennessy, Siobhan S.}, edition = {6}, year = {2023}, publisher = {Wiley}, isbn = {9781119826934}, url = {https://www.wiley.com/en-us/Wetlands%2C+6th+Edition-p-00354180}}

@article{Mondav_2014_Methanoflorens, title={Discovery of a novel methanogen prevalent in thawing permafrost}, volume={5}, ISSN={2041-1723}, url={http://dx.doi.org/10.1038/ncomms4212}, DOI={10.1038/ncomms4212}, number={1}, journal={Nature Communications}, publisher={Springer Science and Business Media LLC}, author={Mondav, Rhiannon and Woodcroft, Ben J. and Kim, Eun-Hae and McCalley, Carmody K. and Hodgkins, Suzanne B. and Crill, Patrick M. and Chanton, Jeffrey and Hurst, Gregory B. and VerBerkmoes, Nathan C. and Saleska, Scott R. and Hugenholtz, Philip and Rich, Virginia I. and Tyson, Gene W.}, year={2014}, month=feb }

@article{Nauhaus_2002_sulfate, title={In vitro demonstration of anaerobic oxidation of methane coupled to sulphate reduction in sediment from a marine gas hydrate area}, volume={4}, ISSN={1462-2920}, url={http://dx.doi.org/10.1046/j.1462-2920.2002.00299.x}, DOI={10.1046/j.1462-2920.2002.00299.x}, number={5}, journal={Environmental Microbiology}, publisher={Wiley}, author={Nauhaus, Katja and Boetius, Antje and Krüger, Martin and Widdel, Friedrich}, year={2002}, month=may, pages={296–305} }

@article{Olm_2017_drep, title={dRep: a tool for fast and accurate genomic comparisons that enables improved genome recovery from metagenomes through de-replication}, volume={11}, ISSN={1751-7370}, url={http://dx.doi.org/10.1038/ismej.2017.126}, DOI={10.1038/ismej.2017.126}, number={12}, journal={The ISME Journal}, publisher={Oxford University Press (OUP)}, author={Olm, Matthew R and Brown, Christopher T and Brooks, Brandon and Banfield, Jillian F}, year={2017}, month=jul, pages={2864–2868} }

@article{Oshkin_2019_acido, title={Granulicella sibirica sp. nov., a psychrotolerant acidobacterium isolated from an organic soil layer in forested tundra, West Siberia}, volume={69}, ISSN={1466-5034}, url={http://dx.doi.org/10.1099/ijsem.0.003290}, DOI={10.1099/ijsem.0.003290}, number={4}, journal={International Journal of Systematic and Evolutionary Microbiology}, publisher={Microbiology Society}, author={Oshkin, Igor Y. and Kulichevskaya, Irina S. and Rijpstra, W. Irene C. and Sinninghe Damsté, Jaap S. and Rakitin, Andrey L. and Ravin, Nikolai V. and Dedysh, Svetlana N.}, year={2019}, month=apr, pages={1195–1201} }

@article{Ou_2022_methylarchaeales, title={Expanding the phylogenetic distribution of cytochrome b-containing methanogenic archaea sheds light on the evolution of methanogenesis}, volume={16}, ISSN={1751-7370}, url={http://dx.doi.org/10.1038/s41396-022-01281-0}, DOI={10.1038/s41396-022-01281-0}, number={10}, journal={The ISME Journal}, publisher={Oxford University Press (OUP)}, author={Ou, Ya-Fei and Dong, Hong-Po and McIlroy, Simon J and Crowe, Sean A and Hallam, Steven J and Han, Ping and Kallmeyer, Jens and Simister, Rachel L and Vuillemin, Aurele and Leu, Andy O and Liu, Zhanfei and Zheng, Yan-Ling and Sun, Qian-Li and Liu, Min and Tyson, Gene W and Hou, Li-Jun}, year={2022}, month=jul, pages={2373–2387} }

@article{Page_2004_kalimantan, title={A record of Late Pleistocene and Holocene carbon accumulation and climate change from an equatorial peat bog (Kalimantan, Indonesia): implications for past, present and future carbon dynamics}, volume={19}, ISSN={1099-1417}, url={http://dx.doi.org/10.1002/jqs.884}, DOI={10.1002/jqs.884}, number={7}, journal={Journal of Quaternary Science}, publisher={Wiley}, author={Page, S. E. and Wűst, R. A. J. and Weiss, D. and Rieley, J. O. and Shotyk, W. and Limin, S. H.}, year={2004}, month=sep, pages={625–635} }

@article{Page_2011, title={Global and regional importance of the tropical peatland carbon pool}, volume={17}, ISSN={1365-2486}, url={http://dx.doi.org/10.1111/j.1365-2486.2010.02279.x}, DOI={10.1111/j.1365-2486.2010.02279.x}, number={2}, journal={Global Change Biology}, publisher={Wiley}, author={Page, Susan E. and Rieley, John O. and Banks, Christopher J.}, year={2011}, month=jan, pages={798–818} }

@article{Pan_2022_semibin, title={A deep siamese neural network improves metagenome-assembled genomes in microbiome datasets across different environments}, volume={13}, ISSN={2041-1723}, url={http://dx.doi.org/10.1038/s41467-022-29843-y}, DOI={10.1038/s41467-022-29843-y}, number={1}, journal={Nature Communications}, publisher={Springer Science and Business Media LLC}, author={Pan, Shaojun and Zhu, Chengkai and Zhao, Xing-Ming and Coelho, Luis Pedro}, year={2022}, month=apr }

@article{Panhwar_2014, title={Biochemical and Molecular Characterization of Potential Phosphate-Solubilizing Bacteria in Acid Sulfate Soils and Their Beneficial Effects on Rice Growth}, volume={9}, ISSN={1932-6203}, url={http://dx.doi.org/10.1371/journal.pone.0097241}, DOI={10.1371/journal.pone.0097241}, number={10}, journal={PLoS ONE}, publisher={Public Library of Science (PLoS)}, author={Panhwar, Qurban Ali and Naher, Umme Aminun and Jusop, Shamshuddin and Othman, Radziah and Latif, Md Abdul and Ismail, Mohd Razi}, editor={Herrera-Estrella, Luis}, year={2014}, month=oct, pages={e97241} }

@article{Parks_2020_gdtb, title={A complete domain-to-species taxonomy for Bacteria and Archaea}, volume={38}, ISSN={1546-1696}, url={http://dx.doi.org/10.1038/s41587-020-0501-8}, DOI={10.1038/s41587-020-0501-8}, number={9}, journal={Nature Biotechnology}, publisher={Springer Science and Business Media LLC}, author={Parks, Donovan H. and Chuvochina, Maria and Chaumeil, Pierre-Alain and Rinke, Christian and Mussig, Aaron J. and Hugenholtz, Philip}, year={2020}, month=apr, pages={1079–1086} }

@article{Pavia_2023, title={Genes and genome‐resolved metagenomics reveal the microbial functional make up of Amazon peatlands under geochemical gradients}, volume={25}, ISSN={1462-2920}, url={http://dx.doi.org/10.1111/1462-2920.16469}, DOI={10.1111/1462-2920.16469}, number={11}, journal={Environmental Microbiology}, publisher={Wiley}, author={Pavia, Michael J. and Finn, Damien and Macedo‐Tafur, Franco and Tello‐Espinoza, Rodil and Penaccio, Christa and Bouskill, Nicholas and Cadillo‐Quiroz, Hinsby}, year={2023}, month=jul, pages={2388–2403} }

@article{Peekhaus_1998_ed, title={What’s for Dinner?: Entner-Doudoroff Metabolism in Escherichia coli}, volume={180}, ISSN={1098-5530}, url={http://dx.doi.org/10.1128/JB.180.14.3495-3502.1998}, DOI={10.1128/jb.180.14.3495-3502.1998}, number={14}, journal={Journal of Bacteriology}, publisher={American Society for Microbiology}, author={Peekhaus, N. and Conway, T.}, year={1998}, month=jul, pages={3495–3502} }

@article{PerezCoronel_2022, title={Multiple sources of aerobic methane production in aquatic ecosystems include bacterial photosynthesis}, volume={13}, ISSN={2041-1723}, url={http://dx.doi.org/10.1038/s41467-022-34105-y}, DOI={10.1038/s41467-022-34105-y}, number={1}, journal={Nature Communications}, publisher={Springer Science and Business Media LLC}, author={Perez-Coronel, Elisabet and Michael Beman, J.}, year={2022}, month=oct }

@article{Pernthaler_2008, title={Diverse syntrophic partnerships from deep-sea methane vents revealed by direct cell capture and metagenomics}, volume={105}, ISSN={1091-6490}, url={http://dx.doi.org/10.1073/pnas.0711303105}, DOI={10.1073/pnas.0711303105}, number={19}, journal={Proceedings of the National Academy of Sciences}, publisher={Proceedings of the National Academy of Sciences}, author={Pernthaler, Annelie and Dekas, Anne E. and Brown, C. Titus and Goffredi, Shana K. and Embaye, Tsegereda and Orphan, Victoria J.}, year={2008}, month=may, pages={7052–7057} }

@article{Perryman_2024, title={Fate of methane in canals draining tropical peatlands}, volume={15}, ISSN={2041-1723}, url={http://dx.doi.org/10.1038/s41467-024-54063-x}, DOI={10.1038/s41467-024-54063-x}, number={1}, journal={Nature Communications}, publisher={Springer Science and Business Media LLC}, author={Perryman, Clarice R. and Bowen, Jennifer C. and Shahan, Julie and Silviani P.A.B, Desi and Dayanti, Erin and Andriyani, Yulita and Asyhari, Adibtya and Gangga, Adi and Novita, Nisa and Anshari, Gusti Z. and Hoyt, Alison M.}, year={2024}, month=nov }

@article{Piatkowski_2022, title={Draft Metagenome Sequences of the Sphagnum (Peat Moss) Microbiome from Ambient and Warmed Environments across Europe}, volume={11}, ISSN={2576-098X}, url={http://dx.doi.org/10.1128/mra.00400-22}, DOI={10.1128/mra.00400-22}, number={10}, journal={Microbiology Resource Announcements}, publisher={American Society for Microbiology}, author={Piatkowski, Bryan T. and Carper, Dana L. and Carrell, Alyssa A. and Chen, I-Min A. and Clum, Alicia and Daum, Chris and Eloe-Fadrosh, Emiley A. and Gilbert, Daniel and Granath, Gustaf and Huntemann, Marcel and Jawdy, Sara S. and Klarenberg, Ingeborg Jenneken and Kostka, Joel E. and Kyrpides, Nikos C. and Lawrence, Travis J. and Mukherjee, Supratim and Nilsson, Mats B. and Palaniappan, Krishnaveni and Pelletier, Dale A. and Pennacchio, Christa and Reddy, T. B. K. and Roux, Simon and Shaw, A. Jonathan and Warshan, Denis and Živković, Tatjana and Weston, David J.}, editor={Stajich, Jason E.}, year={2022}, month=oct }

@article{Pinto_2020_acido, title={Soil Acidobacteria Strain AB23 Resistance to Oxidative Stress Through Production of Carotenoids}, volume={81}, ISSN={1432-184X}, url={http://dx.doi.org/10.1007/s00248-020-01548-z}, DOI={10.1007/s00248-020-01548-z}, number={1}, journal={Microbial Ecology}, publisher={Springer Science and Business Media LLC}, author={Pinto, Otávio Henrique Bezerra and Costa, Flávio Silva and Rodrigues, Gisele Regina and da Costa, Rosiane Andrade and da Rocha Fernandes, Gabriel and Júnior, Osmindo Rodrigues Pires and Barreto, Cristine Chaves}, year={2020}, month=jul, pages={169–179} }

@article{Pol_2007_verruco, title={Methanotrophy below pH 1 by a new Verrucomicrobia species}, volume={450}, ISSN={1476-4687}, url={http://dx.doi.org/10.1038/nature06222}, DOI={10.1038/nature06222}, number={7171}, journal={Nature}, publisher={Springer Science and Business Media LLC}, author={Pol, Arjan and Heijmans, Klaas and Harhangi, Harry R. and Tedesco, Dario and Jetten, Mike S. M. and Op den Camp, Huub J. M.}, year={2007}, month=nov, pages={874–878} }

@article{Poulton_2005_iron, title={Development of a sequential extraction procedure for iron: implications for iron partitioning in continentally derived particulates}, volume={214}, ISSN={0009-2541}, url={http://dx.doi.org/10.1016/j.chemgeo.2004.09.003}, DOI={10.1016/j.chemgeo.2004.09.003}, number={3–4}, journal={Chemical Geology}, publisher={Elsevier BV}, author={Poulton, Simon W. and Canfield, Donald E.}, year={2005}, month=jan, pages={209–221} }

@article{Price_2010_fasttree2, title={FastTree 2 – Approximately Maximum-Likelihood Trees for Large Alignments}, volume={5}, ISSN={1932-6203}, url={http://dx.doi.org/10.1371/journal.pone.0009490}, DOI={10.1371/journal.pone.0009490}, number={3}, journal={PLoS ONE}, publisher={Public Library of Science (PLoS)}, author={Price, Morgan N. and Dehal, Paramvir S. and Arkin, Adam P.}, editor={Poon, Art F. Y.}, year={2010}, month=mar, pages={e9490} }

@article{Rawlings_2017_merops, title={The MEROPS database of proteolytic enzymes, their substrates and inhibitors in 2017 and a comparison with peptidases in the PANTHER database}, volume={46}, ISSN={1362-4962}, url={http://dx.doi.org/10.1093/nar/gkx1134}, DOI={10.1093/nar/gkx1134}, number={D1}, journal={Nucleic Acids Research}, publisher={Oxford University Press (OUP)}, author={Rawlings, Neil D and Barrett, Alan J and Thomas, Paul D and Huang, Xiaosong and Bateman, Alex and Finn, Robert D}, year={2017}, month=nov, pages={D624–D632} }

@article{Ribeiro_2020_tropical, title={Tropical peatlands and their contribution to the global carbon cycle and climate change}, volume={27}, ISSN={1365-2486}, url={http://dx.doi.org/10.1111/gcb.15408}, DOI={10.1111/gcb.15408}, number={3}, journal={Global Change Biology}, publisher={Wiley}, author={Ribeiro, Kelly and Pacheco, Felipe S. and Ferreira, José W. and de Sousa‐Neto, Eráclito R. and Hastie, Adam and Krieger Filho, Guenther C. and Alvalá, Plínio C. and Forti, Maria C. and Ometto, Jean P.}, year={2020}, month=dec, pages={489–505} }

@article{Romanowicz_2021, title={Rainfall Alters Permafrost Soil Redox Conditions, but Meta-Omics Show Divergent Microbial Community Responses by Tundra Type in the Arctic}, volume={5}, ISSN={2571-8789}, url={http://dx.doi.org/10.3390/soilsystems5010017}, DOI={10.3390/soilsystems5010017}, number={1}, journal={Soil Systems}, publisher={MDPI AG}, author={Romanowicz, Karl J. and Crump, Byron C. and Kling, George W.}, year={2021}, month=mar, pages={17} }

@book{RSPO_2012_bmp, title = {RSPO Manual on Best Management Practices (BMPs) for Existing Oil Palm Cultivation on Peat}, author = {{Roundtable on Sustainable Palm Oil (RSPO)}}, year = {2012}, organization = {RSPO}, address = {Kuala Lumpur}, url = {https://rspo.org/wp-content/uploads/rspo-bmp-volume-1-low-resolution.pdf}}

@article{Schwengers_2021_bakta, title={Bakta: rapid and standardized annotation of bacterial genomes via alignment-free sequence identification: Find out more about Bakta, the motivation, challenges and applications, here.}, volume={7}, ISSN={2057-5858}, url={http://dx.doi.org/10.1099/mgen.0.000685}, DOI={10.1099/mgen.0.000685}, number={11}, journal={Microbial Genomics}, publisher={Microbiology Society}, author={Schwengers, Oliver and Jelonek, Lukas and Dieckmann, Marius Alfred and Beyvers, Sebastian and Blom, Jochen and Goesmann, Alexander}, year={2021}, month=nov }

@article{seaborn, title={seaborn: statistical data visualization}, volume={6}, ISSN={2475-9066}, url={http://dx.doi.org/10.21105/joss.03021}, DOI={10.21105/joss.03021}, number={60}, journal={Journal of Open Source Software}, publisher={The Open Journal}, author={Waskom, Michael}, year={2021}, month=apr, pages={3021} }

@article{Sait_2006_ph, title={Effect of pH on Isolation and Distribution of Members of Subdivision 1 of the Phylum Acidobacteria Occurring in Soil}, volume={72}, ISSN={1098-5336}, url={http://dx.doi.org/10.1128/aem.72.3.1852-1857.2006}, DOI={10.1128/aem.72.3.1852-1857.2006}, number={3}, journal={Applied and Environmental Microbiology}, publisher={American Society for Microbiology}, author={Sait, Michelle and Davis, Kathryn E. R. and Janssen, Peter H.}, year={2006}, month=mar, pages={1852–1857} }

@article{Sasmito_2025, title={Half of land use carbon emissions in Southeast Asia can be mitigated through peat swamp forest and mangrove conservation and restoration}, volume={16}, ISSN={2041-1723}, url={http://dx.doi.org/10.1038/s41467-025-55892-0}, DOI={10.1038/s41467-025-55892-0}, number={1}, journal={Nature Communications}, publisher={Springer Science and Business Media LLC}, author={Sasmito, Sigit D. and Taillardat, Pierre and Adinugroho, Wahyu C. and Krisnawati, Haruni and Novita, Nisa and Fatoyinbo, Lola and Friess, Daniel A. and Page, Susan E. and Lovelock, Catherine E. and Murdiyarso, Daniel and Taylor, David and Lupascu, Massimo}, year={2025}, month=jan }

@article{Saunois_2020_CH4, title={The Global Methane Budget 2000–2017}, volume={12}, ISSN={1866-3516}, url={http://dx.doi.org/10.5194/essd-12-1561-2020}, DOI={10.5194/essd-12-1561-2020}, number={3}, journal={Earth System Science Data}, publisher={Copernicus GmbH}, author={Saunois, Marielle and Stavert, Ann R. and Poulter, Ben and Bousquet, Philippe and Canadell, Josep G. and Jackson, Robert B. and Raymond, Peter A. and Dlugokencky, Edward J. and Houweling, Sander and Patra, Prabir K. and Ciais, Philippe and Arora, Vivek K. and Bastviken, David and Bergamaschi, Peter and Blake, Donald R. and Brailsford, Gordon and Bruhwiler, Lori and Carlson, Kimberly M. and Carrol, Mark and Castaldi, Simona and Chandra, Naveen and Crevoisier, Cyril and Crill, Patrick M. and Covey, Kristofer and Curry, Charles L. and Etiope, Giuseppe and Frankenberg, Christian and Gedney, Nicola and Hegglin, Michaela I. and Höglund-Isaksson, Lena and Hugelius, Gustaf and Ishizawa, Misa and Ito, Akihiko and Janssens-Maenhout, Greet and Jensen, Katherine M. and Joos, Fortunat and Kleinen, Thomas and Krummel, Paul B. and Langenfelds, Ray L. and Laruelle, Goulven G. and Liu, Licheng and Machida, Toshinobu and Maksyutov, Shamil and McDonald, Kyle C. and McNorton, Joe and Miller, Paul A. and Melton, Joe R. and Morino, Isamu and Müller, Jurek and Murguia-Flores, Fabiola and Naik, Vaishali and Niwa, Yosuke and Noce, Sergio and O’Doherty, Simon and Parker, Robert J. and Peng, Changhui and Peng, Shushi and Peters, Glen P. and Prigent, Catherine and Prinn, Ronald and Ramonet, Michel and Regnier, Pierre and Riley, William J. and Rosentreter, Judith A. and Segers, Arjo and Simpson, Isobel J. and Shi, Hao and Smith, Steven J. and Steele, L. Paul and Thornton, Brett F. and Tian, Hanqin and Tohjima, Yasunori and Tubiello, Francesco N. and Tsuruta, Aki and Viovy, Nicolas and Voulgarakis, Apostolos and Weber, Thomas S. and van Weele, Michiel and van der Werf, Guido R. and Weiss, Ray F. and Worthy, Doug and Wunch, Debra and Yin, Yi and Yoshida, Yukio and Zhang, Wenxin and Zhang, Zhen and Zhao, Yuanhong and Zheng, Bo and Zhu, Qing and Zhu, Qiuan and Zhuang, Qianlai}, year={2020}, month=jul, pages={1561–1623} }

@article{Segarra_2015_aom, title={High rates of anaerobic methane oxidation in freshwater wetlands reduce potential atmospheric methane emissions}, volume={6}, ISSN={2041-1723}, url={http://dx.doi.org/10.1038/ncomms8477}, DOI={10.1038/ncomms8477}, number={1}, journal={Nature Communications}, publisher={Springer Science and Business Media LLC}, author={Segarra, K. E. A. and Schubotz, F. and Samarkin, V. and Yoshinaga, M. Y. and Hinrichs, K-U and Joye, S. B.}, year={2015}, month=jun }

@article{Sereika_2022_40x, title={Oxford Nanopore R10.4 long-read sequencing enables the generation of near-finished bacterial genomes from pure cultures and metagenomes without short-read or reference polishing}, volume={19}, ISSN={1548-7105}, url={http://dx.doi.org/10.1038/s41592-022-01539-7}, DOI={10.1038/s41592-022-01539-7}, number={7}, journal={Nature Methods}, publisher={Springer Science and Business Media LLC}, author={Sereika, Mantas and Kirkegaard, Rasmus Hansen and Karst, Søren Michael and Michaelsen, Thomas Yssing and Sørensen, Emil Aarre and Wollenberg, Rasmus Dam and Albertsen, Mads}, year={2022}, month=jul, pages={823–826} }

@article{Shaffer_2020_dram, title={DRAM for distilling microbial metabolism to automate the curation of microbiome function}, volume={48}, ISSN={1362-4962}, url={http://dx.doi.org/10.1093/nar/gkaa621}, DOI={10.1093/nar/gkaa621}, number={16}, journal={Nucleic Acids Research}, publisher={Oxford University Press (OUP)}, author={Shaffer, Michael and Borton, Mikayla A and McGivern, Bridget B and Zayed, Ahmed A and La Rosa, Sabina Leanti and Solden, Lindsey M and Liu, Pengfei and Narrowe, Adrienne B and Rodríguez-Ramos, Josué and Bolduc, Benjamin and Gazitúa, M Consuelo and Daly, Rebecca A and Smith, Garrett J and Vik, Dean R and Pope, Phil B and Sullivan, Matthew B and Roux, Simon and Wrighton, Kelly C}, year={2020}, month=aug, pages={8883–8900} }

@article{Shaw_2023_skani, title={Fast and robust metagenomic sequence comparison through sparse chaining with skani}, volume={20}, ISSN={1548-7105}, url={http://dx.doi.org/10.1038/s41592-023-02018-3}, DOI={10.1038/s41592-023-02018-3}, number={11}, journal={Nature Methods}, publisher={Springer Science and Business Media LLC}, author={Shaw, Jim and Yu, Yun William}, year={2023}, month=sep, pages={1661–1665} }

@article{Shen_2016_seqkit, title={SeqKit: A Cross-Platform and Ultrafast Toolkit for FASTA/Q File Manipulation}, volume={11}, ISSN={1932-6203}, url={http://dx.doi.org/10.1371/journal.pone.0163962}, DOI={10.1371/journal.pone.0163962}, number={10}, journal={PLOS ONE}, publisher={Public Library of Science (PLoS)}, author={Shen, Wei and Le, Shuai and Li, Yan and Hu, Fuquan}, editor={Zou, Quan}, year={2016}, month=oct, pages={e0163962} }

@article{Sheridan_2022_lutacidiplasmatales, title={Recovery of Lutacidiplasmatales archaeal order genomes suggests convergent evolution in Thermoplasmatota}, volume={13}, ISSN={2041-1723}, url={http://dx.doi.org/10.1038/s41467-022-31847-7}, DOI={10.1038/s41467-022-31847-7}, number={1}, journal={Nature Communications}, publisher={Springer Science and Business Media LLC}, author={Sheridan, Paul O. and Meng, Yiyu and Williams, Tom A. and Gubry-Rangin, Cécile}, year={2022}, month=jul }

@article{Singleton_2021_ont, title={Connecting structure to function with the recovery of over 1000 high-quality metagenome-assembled genomes from activated sludge using long-read sequencing}, volume={12}, ISSN={2041-1723}, url={http://dx.doi.org/10.1038/s41467-021-22203-2}, DOI={10.1038/s41467-021-22203-2}, number={1}, journal={Nature Communications}, publisher={Springer Science and Business Media LLC}, author={Singleton, Caitlin M. and Petriglieri, Francesca and Kristensen, Jannie M. and Kirkegaard, Rasmus H. and Michaelsen, Thomas Y. and Andersen, Martin H. and Kondrotaite, Zivile and Karst, Søren M. and Dueholm, Morten S. and Nielsen, Per H. and Albertsen, Mads}, year={2021}, month=mar }

@article{Sun_2024_virus, title={Virus ecology and 7‐year temporal dynamics across a permafrost thaw gradient}, volume={26}, ISSN={1462-2920}, url={http://dx.doi.org/10.1111/1462-2920.16665}, DOI={10.1111/1462-2920.16665}, number={8}, journal={Environmental Microbiology}, publisher={Wiley}, author={Sun, Christine L. and Pratama, Akbar Adjie and Gazitúa, Maria Consuelo and Cronin, Dylan and McGivern, Bridget B. and Wainaina, James M. and Vik, Dean R. and Zayed, Ahmed A. and Bolduc, Benjamin and Wrighton, Kelly C. and Rich, Virginia I. and Sullivan, Matthew B.}, year={2024}, month=jul }

@article{Svensson_1999_first, title={Interdecadal Changes in CO 2 and CH 4 Fluxes of a Subarctic Mire: Stordalen Revisited after 20 Years}, volume={85}, ISSN={0030-1299}, url={http://dx.doi.org/10.2307/3546788}, DOI={10.2307/3546788}, number={1}, journal={Oikos}, publisher={JSTOR}, author={Svensson, B. H. and Christensen, T. R. and Johansson, E. and Oquist, M.}, year={1999}, month=apr, pages={22} }

@article{Tamas_2013_beijerinckiaceae, title={The (d)evolution of methanotrophy in the Beijerinckiaceae—a comparative genomics analysis}, volume={8}, ISSN={1751-7370}, url={http://dx.doi.org/10.1038/ismej.2013.145}, DOI={10.1038/ismej.2013.145}, number={2}, journal={The ISME Journal}, publisher={Oxford University Press (OUP)}, author={Tamas, Ivica and Smirnova, Angela V and He, Zhiguo and Dunfield, Peter F}, year={2013}, month=aug, pages={369–382} }

@article{Tang_2020_borneanflux, title={A Bornean peat swamp forest is a net source of carbon dioxide to the atmosphere}, volume={26}, ISSN={1365-2486}, url={http://dx.doi.org/10.1111/gcb.15332}, DOI={10.1111/gcb.15332}, number={12}, journal={Global Change Biology}, publisher={Wiley}, author={Tang, Angela C. I. and Melling, Lulie and Stoy, Paul C. and Musin, Kevin K. and Aeries, Edward B. and Waili, Joseph W. and Shimizu, Mariko and Poulter, Benjamin and Hirata, Ryuichi}, year={2020}, month=sep, pages={6931–6944} }

@article{Thauer_2008, title={Methanogenic archaea: ecologically relevant differences in energy conservation}, volume={6}, ISSN={1740-1534}, url={http://dx.doi.org/10.1038/nrmicro1931}, DOI={10.1038/nrmicro1931}, number={8}, journal={Nature Reviews Microbiology}, publisher={Springer Science and Business Media LLC}, author={Thauer, Rudolf K. and Kaster, Anne-Kristin and Seedorf, Henning and Buckel, Wolfgang and Hedderich, Reiner}, year={2008}, month=jun, pages={579–591} }

@article{ter_Horst_2021, title={Minnesota peat viromes reveal terrestrial and aquatic niche partitioning for local and global viral populations}, volume={9}, ISSN={2049-2618}, url={http://dx.doi.org/10.1186/s40168-021-01156-0}, DOI={10.1186/s40168-021-01156-0}, number={1}, journal={Microbiome}, publisher={Springer Science and Business Media LLC}, author={ter Horst, Anneliek M. and Santos-Medellín, Christian and Sorensen, Jackson W. and Zinke, Laura A. and Wilson, Rachel M. and Johnston, Eric R. and Trubl, Gareth and Pett-Ridge, Jennifer and Blazewicz, Steven J. and Hanson, Paul J. and Chanton, Jeffrey P. and Schadt, Christopher W. and Kostka, Joel E. and Emerson, Joanne B.}, year={2021}, month=nov }

@article{Tonks_2017, title={Impacts of conversion of tropical peat swamp forest to oil palm plantation on peat organic chemistry, physical properties and carbon stocks}, volume={289}, ISSN={0016-7061}, url={http://dx.doi.org/10.1016/j.geoderma.2016.11.018}, DOI={10.1016/j.geoderma.2016.11.018}, journal={Geoderma}, publisher={Elsevier BV}, author={Tonks, Amanda J. and Aplin, Paul and Beriro, Darren J. and Cooper, Hannah and Evers, Stephanie and Vane, Christopher H. and Sjögersten, Sofie}, year={2017}, month=mar, pages={36–45} }

@article{Too_2018_nspsf16s, title={Microbial Community Structure in a Malaysian Tropical Peat Swamp Forest: The Influence of Tree Species and Depth}, volume={9}, ISSN={1664-302X}, url={http://dx.doi.org/10.3389/fmicb.2018.02859}, DOI={10.3389/fmicb.2018.02859}, journal={Frontiers in Microbiology}, publisher={Frontiers Media SA}, author={Too, Chin Chin and Keller, Alexander and Sickel, Wiebke and Lee, Sui Mae and Yule, Catherine M.}, year={2018}, month=dec }

@article{Too_2021_nspsfisolate, title={Putative roles of bacteria in the carbon and nitrogen cycles in a tropical peat swamp forest}, volume={52}, ISSN={1439-1791}, url={http://dx.doi.org/10.1016/j.baae.2020.10.004}, DOI={10.1016/j.baae.2020.10.004}, journal={Basic and Applied Ecology}, publisher={Elsevier BV}, author={Too, Chin Chin and Ong, Kuan Shion and Yule, Catherine M. and Keller, Alexander}, year={2021}, month=may, pages={109–123} }

@article{Trubl_2021, title={Active virus-host interactions at sub-freezing temperatures in Arctic peat soil}, volume={9}, ISSN={2049-2618}, url={http://dx.doi.org/10.1186/s40168-021-01154-2}, DOI={10.1186/s40168-021-01154-2}, number={1}, journal={Microbiome}, publisher={Springer Science and Business Media LLC}, author={Trubl, Gareth and Kimbrel, Jeffrey A. and Liquet-Gonzalez, Jose and Nuccio, Erin E. and Weber, Peter K. and Pett-Ridge, Jennifer and Jansson, Janet K. and Waldrop, Mark P. and Blazewicz, Steven J.}, year={2021}, month=oct }

@article{Turetsky_2014, title={Global vulnerability of peatlands to fire and carbon loss}, volume={8}, ISSN={1752-0908}, url={http://dx.doi.org/10.1038/ngeo2325}, DOI={10.1038/ngeo2325}, number={1}, journal={Nature Geoscience}, publisher={Springer Science and Business Media LLC}, author={Turetsky, Merritt R. and Benscoter, Brian and Page, Susan and Rein, Guillermo and van der Werf, Guido R. and Watts, Adam}, year={2014}, month=dec, pages={11–14} }

@article{Tveit_2015, title={Metabolic and trophic interactions modulate methane production by Arctic peat microbiota in response to warming}, volume={112}, ISSN={1091-6490}, url={http://dx.doi.org/10.1073/pnas.1420797112}, DOI={10.1073/pnas.1420797112}, number={19}, journal={Proceedings of the National Academy of Sciences}, publisher={Proceedings of the National Academy of Sciences}, author={Tveit, Alexander Tøsdal and Urich, Tim and Frenzel, Peter and Svenning, Mette Marianne}, year={2015}, month=apr }

@article{Tyson_2004, title={Community structure and metabolism through reconstruction of microbial genomes from the environment}, volume={428}, ISSN={1476-4687}, url={http://dx.doi.org/10.1038/nature02340}, DOI={10.1038/nature02340}, number={6978}, journal={Nature}, publisher={Springer Science and Business Media LLC}, author={Tyson, Gene W. and Chapman, Jarrod and Hugenholtz, Philip and Allen, Eric E. and Ram, Rachna J. and Richardson, Paul M. and Solovyev, Victor V. and Rubin, Edward M. and Rokhsar, Daniel S. and Banfield, Jillian F.}, year={2004}, month=feb, pages={37–43} }

@article{Uniprot_2018, title={UniProt: a worldwide hub of protein knowledge}, author={UniProt Consortium}, volume={47}, ISSN={1362-4962}, url={http://dx.doi.org/10.1093/nar/gky1049}, DOI={10.1093/nar/gky1049}, number={D1}, journal={Nucleic Acids Research}, publisher={Oxford University Press (OUP)}, year={2018}, month=nov, pages={D506–D515} }

@article{Valentin_Alvarado_2024, title={Asgard archaea modulate potential methanogenesis substrates in wetland soil}, volume={15}, ISSN={2041-1723}, url={http://dx.doi.org/10.1038/s41467-024-49872-z}, DOI={10.1038/s41467-024-49872-z}, number={1}, journal={Nature Communications}, publisher={Springer Science and Business Media LLC}, author={Valentin-Alvarado, Luis E. and Appler, Kathryn E. and De Anda, Valerie and Schoelmerich, Marie C. and West-Roberts, Jacob and Kivenson, Veronika and Crits-Christoph, Alexander and Ly, Lynn and Sachdeva, Rohan and Greening, Chris and Savage, David F. and Baker, Brett J. and Banfield, Jillian F.}, year={2024}, month=jul }

@article{van_Kessel_2015, title={Complete nitrification by a single microorganism}, volume={528}, ISSN={1476-4687}, url={http://dx.doi.org/10.1038/nature16459}, DOI={10.1038/nature16459}, number={7583}, journal={Nature}, publisher={Springer Science and Business Media LLC}, author={van Kessel, Maartje A. H. J. and Speth, Daan R. and Albertsen, Mads and Nielsen, Per H. and Op den Camp, Huub J. M. and Kartal, Boran and Jetten, Mike S. M. and Lücker, Sebastian}, year={2015}, month=nov, pages={555–559} }

@article{Vorobev_2009_methylovirgula, title={Methylovirgula ligni gen. nov., sp. nov., an obligately acidophilic, facultatively methylotrophic bacterium with a highly divergent mxaF gene}, volume={59}, ISSN={1466-5034}, url={http://dx.doi.org/10.1099/ijs.0.010074-0}, DOI={10.1099/ijs.0.010074-0}, number={10}, journal={International Journal Of Systematic And Evolutionary Microbiology}, publisher={Microbiology Society}, author={Vorob’ev, A. V. and de Boer, W. and Folman, L. B. and Bodelier, P. L. E. and Doronina, N. V. and Suzina, N. E. and Trotsenko, Y. A. and Dedysh, S. N.}, year={2009}, month=jul, pages={2538–2545} }

@article{Wang_2018_amazonshift, title={Potential shift from a carbon sink to a source in Amazonian peatlands under a changing climate}, volume={115}, ISSN={1091-6490}, url={http://dx.doi.org/10.1073/pnas.1801317115}, DOI={10.1073/pnas.1801317115}, number={49}, journal={Proceedings of the National Academy of Sciences}, publisher={Proceedings of the National Academy of Sciences}, author={Wang, Sirui and Zhuang, Qianlai and Lähteenoja, Outi and Draper, Frederick C. and Cadillo-Quiroz, Hinsby}, year={2018}, month=nov, pages={12407–12412} }

@article{Ward_2009_acido, title={Three Genomes from the PhylumAcidobacteriaProvide Insight into the Lifestyles of These Microorganisms in Soils}, volume={75}, ISSN={1098-5336}, url={http://dx.doi.org/10.1128/AEM.02294-08}, DOI={10.1128/aem.02294-08}, number={7}, journal={Applied and Environmental Microbiology}, publisher={American Society for Microbiology}, author={Ward, Naomi L. and Challacombe, Jean F. and Janssen, Peter H. and Henrissat, Bernard and Coutinho, Pedro M. and Wu, Martin and Xie, Gary and Haft, Daniel H. and Sait, Michelle and Badger, Jonathan and Barabote, Ravi D. and Bradley, Brent and Brettin, Thomas S. and Brinkac, Lauren M. and Bruce, David and Creasy, Todd and Daugherty, Sean C. and Davidsen, Tanja M. and DeBoy, Robert T. and Detter, J. Chris and Dodson, Robert J. and Durkin, A. Scott and Ganapathy, Anuradha and Gwinn-Giglio, Michelle and Han, Cliff S. and Khouri, Hoda and Kiss, Hajnalka and Kothari, Sagar P. and Madupu, Ramana and Nelson, Karen E. and Nelson, William C. and Paulsen, Ian and Penn, Kevin and Ren, Qinghu and Rosovitz, M. J. and Selengut, Jeremy D. and Shrivastava, Susmita and Sullivan, Steven A. and Tapia, Roxanne and Thompson, L. Sue and Watkins, Kisha L. and Yang, Qi and Yu, Chunhui and Zafar, Nikhat and Zhou, Liwei and Kuske, Cheryl R.}, year={2009}, month=apr, pages={2046–2056} }

@article{Weiss_2002_kalimantangeochemistry, title={The geochemistry of major and selected trace elements in a forested peat bog, Kalimantan, SE Asia, and its implications for past atmospheric dust deposition}, volume={66}, ISSN={0016-7037}, url={http://dx.doi.org/10.1016/s0016-7037(02)00834-7}, DOI={10.1016/s0016-7037(02)00834-7}, number={13}, journal={Geochimica et Cosmochimica Acta}, publisher={Elsevier BV}, author={Weiss, Dominik and Shotyk, William and Rieley, Jack and Page, Susan and Gloor, Marlies and Reese, Steve and Martinez-Cortizas, Antonio}, year={2002}, month=jul, pages={2307–2323} }

@article{Wick_2015_Bandage, title={Bandage: interactive visualization of de novo genome assemblies}, volume={31}, ISSN={1367-4803}, url={http://dx.doi.org/10.1093/bioinformatics/btv383}, DOI={10.1093/bioinformatics/btv383}, number={20}, journal={Bioinformatics}, publisher={Oxford University Press (OUP)}, author={Wick, Ryan R. and Schultz, Mark B. and Zobel, Justin and Holt, Kathryn E.}, year={2015}, month=jun, pages={3350–3352} }

@article{Woodcroft_2018_permafrost, title={Genome-centric view of carbon processing in thawing permafrost}, volume={560}, ISSN={1476-4687}, url={http://dx.doi.org/10.1038/s41586-018-0338-1}, DOI={10.1038/s41586-018-0338-1}, number={7716}, journal={Nature}, publisher={Springer Science and Business Media LLC}, author={Woodcroft, Ben J. and Singleton, Caitlin M. and Boyd, Joel A. and Evans, Paul N. and Emerson, Joanne B. and Zayed, Ahmed A. F. and Hoelzle, Robert D. and Lamberton, Timothy O. and McCalley, Carmody K. and Hodgkins, Suzanne B. and Wilson, Rachel M. and Purvine, Samuel O. and Nicora, Carrie D. and Li, Changsheng and Frolking, Steve and Chanton, Jeffrey P. and Crill, Patrick M. and Saleska, Scott R. and Rich, Virginia I. and Tyson, Gene W.}, year={2018}, month=jul, pages={49–54} }

@article{Wrighton_2012, title={Fermentation, Hydrogen, and Sulfur Metabolism in Multiple Uncultivated Bacterial Phyla}, volume={337}, ISSN={1095-9203}, url={http://dx.doi.org/10.1126/science.1224041}, DOI={10.1126/science.1224041}, number={6102}, journal={Science}, publisher={American Association for the Advancement of Science (AAAS)}, author={Wrighton, Kelly C. and Thomas, Brian C. and Sharon, Itai and Miller, Christopher S. and Castelle, Cindy J. and VerBerkmoes, Nathan C. and Wilkins, Michael J. and Hettich, Robert L. and Lipton, Mary S. and Williams, Kenneth H. and Long, Philip E. and Banfield, Jillian F.}, year={2012}, month=sep, pages={1661–1665} }

@article{Wu_2015_maxbin2, title={MaxBin 2.0: an automated binning algorithm to recover genomes from multiple metagenomic datasets}, volume={32}, ISSN={1367-4803}, url={http://dx.doi.org/10.1093/bioinformatics/btv638}, DOI={10.1093/bioinformatics/btv638}, number={4}, journal={Bioinformatics}, publisher={Oxford University Press (OUP)}, author={Wu, Yu-Wei and Simmons, Blake A. and Singer, Steven W.}, year={2015}, month=oct, pages={605–607} }

@article{Wu_2024_MethanosuratincolapetrocarbonisLWZ6, title={Isolation of a methyl-reducing methanogen outside the Euryarchaeota}, volume={632}, ISSN={1476-4687}, url={http://dx.doi.org/10.1038/s41586-024-07728-y}, DOI={10.1038/s41586-024-07728-y}, number={8027}, journal={Nature}, publisher={Springer Science and Business Media LLC}, author={Wu, Kejia and Zhou, Lei and Tahon, Guillaume and Liu, Laiyan and Li, Jiang and Zhang, Jianchao and Zheng, Fengfeng and Deng, Chengpeng and Han, Wenhao and Bai, Liping and Fu, Lin and Dong, Xiuzhu and Zhang, Chuanlun and Ettema, Thijs J. G. and Sousa, Diana Z. and Cheng, Lei}, year={2024}, month=jul, pages={1124–1130} }

@article{Xie_2017, title={ISEScan: automated identification of insertion sequence elements in prokaryotic genomes}, volume={33}, ISSN={1367-4811}, url={http://dx.doi.org/10.1093/bioinformatics/btx433}, DOI={10.1093/bioinformatics/btx433}, number={21}, journal={Bioinformatics}, publisher={Oxford University Press (OUP)}, author={Xie, Zhiqun and Tang, Haixu}, editor={Hancock, John}, year={2017}, month=jul, pages={3340–3347} }

@article{Yule_2008, title={Loss of biodiversity and ecosystem functioning in Indo-Malayan peat swamp forests}, volume={19}, ISSN={1572-9710}, url={http://dx.doi.org/10.1007/s10531-008-9510-5}, DOI={10.1007/s10531-008-9510-5}, number={2}, journal={Biodiversity and Conservation}, publisher={Springer Science and Business Media LLC}, author={Yule, Catherine M.}, year={2008}, month=nov, pages={393–409} }

@article{Yule_2008_leafLitter, title={Leaf litter decomposition in a tropical peat swamp forest in Peninsular Malaysia}, volume={17}, ISSN={1572-9834}, url={http://dx.doi.org/10.1007/s11273-008-9103-9}, DOI={10.1007/s11273-008-9103-9}, number={3}, journal={Wetlands Ecology and Management}, publisher={Springer Science and Business Media LLC}, author={Yule, Catherine M. and Gomez, Lalita N.}, year={2008}, month=jun, pages={231–241} }

@article{Yule_2016, title={Degradation of Tropical Malaysian Peatlands Decreases Levels of Phenolics in Soil and in Leaves of Macaranga pruinosa}, volume={4}, ISSN={2296-6463}, url={http://dx.doi.org/10.3389/feart.2016.00045}, DOI={10.3389/feart.2016.00045}, journal={Frontiers in Earth Science}, publisher={Frontiers Media SA}, author={Yule, Catherine M. and Lim, Yau Yan and Lim, Tse Yuen}, year={2016}, month=apr }

@article{Zheng_2018_fenitrogenase, title={A pathway for biological methane production using bacterial iron-only nitrogenase}, volume={3}, ISSN={2058-5276}, url={http://dx.doi.org/10.1038/s41564-017-0091-5}, DOI={10.1038/s41564-017-0091-5}, number={3}, journal={Nature Microbiology}, publisher={Springer Science and Business Media LLC}, author={Zheng, Yanning and Harris, Derek F. and Yu, Zheng and Fu, Yanfen and Poudel, Saroj and Ledbetter, Rhesa N. and Fixen, Kathryn R. and Yang, Zhi-Yong and Boyd, Eric S. and Lidstrom, Mary E. and Seefeldt, Lance C. and Harwood, Caroline S.}, year={2018}, month=jan, pages={281–286} }

@article{Zheng_2023_dbcan3, title={dbCAN3: automated carbohydrate-active enzyme and substrate annotation}, volume={51}, ISSN={1362-4962}, url={http://dx.doi.org/10.1093/nar/gkad328}, DOI={10.1093/nar/gkad328}, number={W1}, journal={Nucleic Acids Research}, publisher={Oxford University Press (OUP)}, author={Zheng, Jinfang and Ge, Qiwei and Yan, Yuchen and Zhang, Xinpeng and Huang, Le and Yin, Yanbin}, year={2023}, month=may, pages={W115–W121} }

@article{Zhu_2020_carbonpump, title={The soil microbial carbon pump: From conceptual insights to empirical assessments}, volume={26}, ISSN={1365-2486}, url={http://dx.doi.org/10.1111/gcb.15319}, DOI={10.1111/gcb.15319}, number={11}, journal={Global Change Biology}, publisher={Wiley}, author={Zhu, Xuefeng and Jackson, Randall D. and DeLucia, Evan H. and Tiedje, James M. and Liang, Chao}, year={2020}, month=sep, pages={6032–6039} }

@book{GEC_2014, author={Global Environment Centre}, title={Integrated Management Plan for North Selangor Peat Swamp Forest 2014-2023}, publisher={Selangor State Forestry Department}, year={2014}, isbn={9789671026854} }

@book{Madigan_2012_brock, title={Brock biology of microorganisms, Global Edition}, author={Madigan, Michael T and Aiyer, Jennifer and Buckley, Daniel H and Sattley, Matthew W and Stahl, David A}, publisher={Pearson Education Limited}, year={2012} }

@book{Sambrook_2001, author={Sambrook, Joseph and Russell, David W.}, title={Molecular Cloning: A Laboratory Manual}, edition={3rd}, publisher={Cold Spring Harbor Laboratory Press}, address={Cold Spring Harbor, NY}, year={2001} }

@inbook{Melling_2016, title={Peatland in Malaysia}, ISBN={9784431556817}, url={http://dx.doi.org/10.1007/978-4-431-55681-7_4}, DOI={10.1007/978-4-431-55681-7_4}, booktitle={Tropical Peatland Ecosystems}, publisher={Springer Japan}, author={Melling, Lulie}, year={2016}, pages={59–73} }

@online{plotly, author={Plotly Technologies Inc.}, title={Collaborative data science}, publisher={Plotly Technologies Inc.}, address={Montreal, QC}, year={2015}, url={https://plot.ly} }

@software{pandas, author={The pandas development team}, title={pandas-dev/pandas: Pandas}, month=feb, year=2020, publisher={Zenodo}, version={latest}, doi={10.5281/zenodo.3509134}, url={https://doi.org/10.5281/zenodo.3509134} }
